3076 4866
264 389 308 456 66
651 403 773 454 sunnx
798 403 980 454 oscrruss.

297 555 322 602 7.
339 549 416 601 Quod
429 547 552 599 Laberius
563 548 643 598 verbe
654 550 779 614 pleraque
790 549 911 600 licentius
924 550 1137 617 petulantiusque
1148 547 1239 605 tinxit:
1256 560 1285 605 at
1294 553 1363 620 quod

265 631 350 681 multis
361 631 424 680 item
436 629 521 679 serbis
532 629 625 692 utitur,
640 629 673 679 de
688 629 790 694 quihus,
807 645 840 680 au
852 631 904 680 siut
916 631 1018 694 Latina,
1032 632 1113 697 quari
1125 634 1201 684 tolet.

296 717 321 763 li.
338 711 409 764 Quid
420 709 550 774 significet
561 709 660 773 etquid
673 725 688 758 a
700 713 794 759 nostris
807 713 966 773 appellatum
987 713 1032 774 sit,
1049 713 1117 776 quod
1135 712 1222 775 delapso
1232 715 1363 767 dialectici

264 792 364 854 dicunt,
383 797 411 840 et
422 790 538 854 quedam
550 789 600 838 alia
610 803 668 854 quae
680 790 764 853 prima
775 790 948 854 indisciplina
960 791 1100 842 dialectica
1111 793 1256 845 traduntur.

295 878 320 923 o.
338 871 407 925 Quid
419 869 548 935 siguificat
560 869 666 920 uerbum
677 868 704 918 in
721 869 793 920 libris
802 870 928 920 Veterum
940 871 1099 923 creberrime
1112 874 1233 938 positum,
1251 878 1363 944 ‘susque

264 951 368 1020 deque.'

297 1039 334 1085 1⁰.
353 1033 422 1085 Quid
442 1032 494 1082 siut
511 1029 685 1095 ‘proletarii,’
701 1029 761 1096 qnid
779 1030 972 1094 ‘capitecensi‚’
989 1031 1051 1098 qnid
1070 1034 1133 1084 itesn
1144 1034 1178 1085 sit
1188 1035 1213 1085 in
1224 1035 1362 1090 duodecim

264 1115 359 1164 tabulis
374 1111 528 1176 ‘assiduum’
545 1119 573 1162 et
588 1127 646 1177 qum
658 1112 712 1176 ejus
724 1110 844 1161 vocabuli
856 1112 922 1162 sntio
935 1112 977 1162 sit.

297 1199 338 1246 11.
356 1193 474 1244 Historia
485 1208 518 1243 ex
529 1193 660 1244 Herodoti
670 1192 743 1242 libris
755 1201 839 1244 sumta
851 1193 883 1244 de
895 1193 1040 1258 Psyllorum
1050 1194 1167 1260 interitu,
1183 1197 1227 1262 qni
1242 1197 1268 1248 in
1278 1197 1362 1262 Syrti·

264 1275 312 1326 bus
324 1274 456 1326 Africanis
467 1273 598 1326 colebant.

296 1361 337 1405 tt.
354 1356 394 1406 lle
405 1356 444 1405 his
455 1355 599 1418 vocabulis,
616 1370 675 1420 qna
692 1356 808 1406 Cloatius
827 1356 913 1405 Verus
933 1363 978 1406 ent
995 1357 1058 1407 satls
1077 1356 1212 1407 commode
1227 1365 1273 1408 aut
1287 1359 1362 1412 nimia

264 1435 376 1486 absurde
387 1443 415 1486 et
426 1436 531 1498 illepide
542 1435 574 1484 ad
586 1435 697 1499 origines
708 1436 804 1500 linque
816 1435 919 1486 Graeca
931 1437 1044 1502 redegit.

296 1521 336 1567 18.
355 1517 423 1568 Quid
435 1517 469 1566 sit
483 1515 685 1580 ‘municipium'
701 1523 729 1564 et
741 1515 800 1580 quid
813 1529 829 1564 a
841 1517 974 1566 ‘colonia’
990 1515 1105 1580 differat,
1115 1523 1143 1567 el
1154 1517 1216 1583 qnid
1227 1519 1278 1569 sint
1289 1521 1360 1570 ‘rnn-

262 1597 388 1661 nicipes3'
403 1611 513 1661 quaeque
530 1597 564 1645 sit
582 1596 639 1660 ejus
659 1595 777 1644 vocabuli
798 1596 865 1646 ratio
883 1611 914 1646 ac
934 1597 1096 1661 proprietas:
1113 1606 1192 1662 atque
1210 1599 1273 1649 inibi
1289 1601 1359 1665 quod

261 1679 337 1730 dirus
360 1677 509 1728 Hadrianus
533 1677 560 1726 in
579 1677 678 1727 Senatu
698 1677 739 1739 de,
750 1677 810 1740 jure
830 1682 909 1742 atque
930 1678 1058 1728 vocabulo
1073 1679 1264 1745 ‘municipum'
1281 1683 1361 1733 rerba

261 1760 336 1810 fecit.

295 1843 335 1889 lt.
353 1837 429 1891 Quod
449 1838 488 1888 M.
509 1838 577 1888 Cato
606 1835 711 1886 differre
733 1836 801 1886 dixit
817 1837 991 1901 ‘properare’
1007 1845 1036 1888 et
1052 1839 1215 1903 ‘festinare,'
1232 1849 1260 1892 et
1280 1855 1357 1906 qnam

260 1918 422 1971 incommode
440 1918 547 1968 Verrius
568 1918 678 1968 Flaccus
706 1916 757 1966 rins
776 1917 858 1981 serbi,
882 1918 950 1983 quod
972 1925 1014 1969 est
1038 1918 1186 1985 ‘festinat,'
1203 1921 1359 1986 interpreta-

263 2001 366 2052 tussit.

293 2087 333 2132 15.
350 2079 420 2134 Quid
431 2079 623 2142 Theophrastus
634 2078 726 2130 mirum
744 2077 777 2127 de
796 2077 943 2142 perdicibus
961 2078 1086 2144 scriptum
1098 2080 1241 2147 reliquerit.
1258 2087 1285 2133 et
1295 2083 1357 2150 qnld

259 2161 443 2226 Theopompus
454 2159 487 2209 de
499 2159 639 2223 leporibus.

293 2247 334 2292 ld.
350 2239 517 2305 ‘Agrippas’
530 2255 546 2288 a
565 2247 655 2302 partus
674 2238 738 2303 agri
753 2243 781 2289 et
798 2239 953 2304 inprosperi
970 2240 1033 2292 sitio
1044 2242 1206 2306 appellatum
1223 2242 1307 2309 deque
1318 2243 1358 2295 his

259 2323 376 2383 Deabus,
393 2335 451 2386 qum
464 2326 589 2370 vocantur
604 2318 723 2370 ‘Prusa'
742 2325 771 2369 et
786 2320 964 2371 ‘Postuerta'

294 2407 333 2450 li.
351 2402 416 2452 Quoe
428 2400 495 2450 ratlo
507 2399 626 2449 vocabuli
639 2399 674 2448 sit
689 2399 697 2426 ‘
711 2399 767 2463 agri
777 2399 919 2451 Vaticani!

291 2485 332 2530 18.
350 2479 450 2543 Lepida
471 2479 589 2544 quaedam
611 2485 756 2527 memoratu
779 2485 807 2528 et
828 2481 934 2544 cognitu
963 2482 997 2532 de
1019 2489 1093 2548 parte
1116 2485 1275 2548 geometria,
1296 2499 1357 2549 quas

258 2561 342 2620 ὀπτικὴ
364 2561 521 2626 appellatur,
544 2565 571 2609 ct
596 2559 659 2609 item
681 2559 733 2610 alia
758 2560 878 2624 κοινωνικὴ,
904 2569 932 2612 et
954 2563 1033 2613 tertia
1055 2563 1146 2614 itidem
1176 2579 1236 2630 quae
1257 2563 1357 2616 dieitur

258 2641 439 2774 ”warum
448 2719 557 2774 historia
568 2733 602 2771 ex
613 2719 744 2771 Herodoti
755 2721 823 2772 libro
835 2735 913 2787 snper
923 2722 1028 2775 fidicine
1039 2722 1144 2774 Arione.

535 2895 709 2947 emersura
724 2895 912 2960 septimodecimo
928 2899 978 2948 Aac
993 2899 1083 2951 imai.

291 3027 314 3074 1.
333 3021 410 3076 Quod
430 3021 520 3073 Gallus
540 3019 644 3070 Asinius
664 3025 694 3069 et
717 3019 825 3083 Largius
848 3019 963 3068 Licinius
984 3020 1140 3070 sententiam
1162 3021 1202 3070 M.
1224 3020 1357 3072 ciceronis

200 3119 204 3128 ·
257 3102 480 3167 reprebendemnt
498 3101 677 3162 exoratione,
695 3113 773 3164 quatu
791 3099 857 3149 dixit
876 3114 923 3164 pro
941 3100 1092 3161 M.(loelio;
1109 3101 1216 3165 etquid
1233 3101 1356 3152 adsersus

256 3183 372 3234 homines
384 3181 561 3231 stolidissimos
572 3195 620 3244 pro
631 3178 723 3228 endem
735 3180 864 3229 sententia
876 3194 938 3229 rere
950 3180 1079 3245 digneque
1090 3180 1141 3231 dici
1152 3183 1243 3245 possit·

289 3268 315 3312 d.
331 3262 419 3312 Verba
442 3262 562 3327 quadam
588 3275 623 3310 ex
649 3259 682 3312 0.
704 3260 806 3310 Claudii
827 3261 956 3311 annulum
976 3262 1059 3325 primo
1079 3261 1172 3312 cnmlm
1195 3261 1222 3311 in
1244 3260 1356 3325 legendo

257 3349 358 3394 notata.

289 3428 314 3474 t.
332 3422 420 3472 Verba
437 3423 476 3472 M.
494 3421 618 3472 Varronis
637 3435 671 3471 ex
690 3420 757 3471 libro
773 3422 864 3486 quinto
880 3428 908 3471 et
924 3421 1046 3474 vicesimo
1058 3421 1246 3484 Humanarum,
1262 3420 1354 3486 quihus

255 3511 347 3555 contra
358 3504 504 3568 opinionem
516 3503 656 3566 vulgariam
669 3503 857 3564 interpretatus
869 3509 910 3552 est
920 3504 1029 3554 Homeri
1041 3517 1154 3552 versum.

288 3589 313 3634 d.
331 3583 400 3636 Quid
413 3583 559 3632 Menander
576 3581 654 3645 poeta
669 3581 813 3631 Philemoni
832 3581 915 3645 politas
926 3581 1033 3645 dixerit,
1044 3596 1120 3647 aquo
1132 3595 1201 3645 saepe
1213 3581 1315 3644 indigna
1327 3582 1354 3631 ἱι

255 3663 441 3714 certaminibus
461 3662 645 3712 comediarum
665 3667 874 3723 superstarent:
892 3669 921 3711 et
935 3662 1004 3726 quod
1017 3663 1160 3726 sepissime
1172 3661 1309 3726 Euripides
1327 3663 1354 3712 in

255 3743 385 3808 trogoedia
396 3745 428 3794 ab
440 3743 593 3808 ignobilibur
604 3741 688 3806 politis
701 3742 784 3792 rictus
795 3749 844 3792 est.

286 3831 311 3874 ὅ.
330 3825 501 3890 Nequaquam
513 3839 570 3873 csse
586 3838 686 3886 serum,
702 3822 770 3886 quod
783 3821 889 3872 minutis
899 3823 1052 3888 quibusdam
1064 3821 1199 3872 rhetorica
1211 3819 1354 3872 artificibus

254 3905 381 3967 rideatur,
401 3905 440 3955 Μ.
461 3905 622 3966 Ciceronem,
640 3904 665 3952 in
682 3903 749 3952 libro
764 3917 840 3966 quem
859 3903 892 3953 da
910 3903 1033 3953 Amicitia
1050 3903 1166 3965 scripsit,
1177 3901 1354 3962 sitioroargn·

254 3992 342 4035 11111110
354 4000 436 4047 1111111,
447 3984 666 4048 ἆμφωθπῐοῦμνον
676 3983 729 4034 &vri
739 3983 927 4046 ὁμολογουμένου
946 3985 1079 4049 posuisset
1099 3989 1233 4046 tutumque
1251 3979 1279 4030 id
1293 3993 1354 4029 oon·

254 4065 393 4115 sideratius
405 4073 544 4116 mactatum
557 4068 782 4129 exploratumque.

285 4149 310 4194 d.
329 4145 431 4195 Falsum
448 4161 514 4210 asse,
530 4146 598 4212 quod
621 4145 728 4194 Verrius
745 4143 853 4194 Flaccus
867 4143 1018 4195 insecundo
1037 4143 1170 4203 librorum,
1186 4151 1250 4203 qnos
1262 4137 1295 4188 de
1306 4138 1352 4188 ob·

254 4226 334 4278 scuris
346 4227 384 4278 M.
395 4226 500 4278 Catonis
511 4227 665 4290 composuit,
681 4225 713 4274 sle
730 4224 739 4251 ‘
750 4235 825 4274 serto
836 4225 993 4291 recepticio'
1009 4224 1137 4286 scriptum
1149 4219 1263 4284 reliquit.
