3076 4866
556 402 678 452 rnnux
703 403 883 454 cerrrurra
1222 387 1267 452 ul

204 549 232 612 3.
247 545 313 596 Qun
328 541 395 594 rstlo
408 540 605 610 obeerretlcqne
620 541 761 596 officiorum
776 557 832 596 esse
848 543 945 598 deust
954 544 1024 596 iuter
1039 549 1128 610 putres
1138 543 1257 609 ullusque

172 625 201 674 in
213 623 394 675 discumbendo
404 621 580 689 sedendoque,
590 630 669 690 stqne
689 625 715 674 iu
733 624 761 674 id
771 639 852 690 genus
870 626 947 676 rebus
959 625 1028 676 domi
1040 625 1165 690 forisque,
1176 625 1198 674 si
1209 623 1258 674 lilii

173 706 338 769 nsgistrstus
349 711 408 754 ennt
420 710 449 754 et
458 710 547 768 putres
560 704 672 769 primi:
688 719 817 771 superque
828 722 860 756 ee
873 721 902 758 re
911 708 989 758 'l'unri
1001 707 1143 773 philosophi
1162 707 1256 758 disser-

175 787 251 848 tstlo,
261 791 289 836 et
298 786 443 849 exemplum
455 799 487 834 es
495 785 603 835 lristmiu
615 785 730 836 Romans
741 787 859 850 petitum.

206 871 231 916 1.
247 867 306 918 Qus
325 865 426 914 ratione
444 864 532 915 verbis
549 864 701 930 quibusdum
722 866 903 932 vocabulisque
924 868 1035 918 Veteres
1051 867 1213 932 immiserint,
1232 869 1262 932 is,

176 945 262 996 litere
272 943 401 1010 spiritum.

207 1031 233 1077 1.
250 1027 334 1079 Qnsrn
355 1027 389 1076 nb
406 1041 509 1077 cuneum
527 1025 626 1078 (libius
645 1027 740 1078 Bessus
760 1043 840 1093 genus
864 1029 993 1096 quoddam
1010 1027 1103 1092 judicii
1122 1025 1259 1079 divinctio-

174 1120 235 1156 uem
255 1106 380 1170 sppellsri
398 1107 537 1172 scripserit,
554 1115 582 1158 et
592 1122 678 1174 ¹qnsm
697 1108 742 1158 slil
757 1122 859 1159 consum
874 1124 931 1160 esse
947 1110 1061 1174 ejusdem
1077 1109 1194 1160 rnesbuli
1204 1108 1261 1160 dix·

177 1187 256 1238 crint.

208 1274 234 1318 1.
250 1269 334 1321 Quum
346 1268 433 1332 lepide
443 1268 628 1334 designsteqne
639 1267 736 1320 dixerit
746 1269 888 1320 Favorinus
904 1270 1076 1335 philosophus,
1087 1269 1148 1336 qnid
1158 1271 1263 1322 intersit

176 1349 247 1398 inter
256 1348 374 1398 Plutonis
381 1355 408 1399 et
418 1349 503 1414 Lysise
514 1351 665 1400 cretionem.

210 1433 236 1478 c.
252 1426 352 1482 Quibus
369 1429 455 1480 verbis
467 1429 596 1493 ignoviter
606 1435 635 1479 et
648 1428 753 1493 sbjeote
769 1429 891 1495 Virgilius
902 1444 962 1482 usur
973 1445 1030 1482 esse
1041 1431 1153 1495 dicetur,
1162 1438 1191 1482 et
1202 1431 1264 1498 qnid

175 1509 217 1560 lris
227 1510 270 1578 qni
281 1510 308 1559 id
319 1510 436 1574 improbe
445 1510 534 1560 dicunt
541 1510 737 1574 respondentur.

210 1593 234 1640 7.
250 1591 291 1640 De
309 1589 394 1640 cilicio
410 1605 474 1654 erge
489 1597 579 1654 putres
594 1591 748 1642 liberorum
766 1593 850 1658 deque
861 1606 893 1642 es
912 1607 941 1642 re
952 1607 985 1642 ex
1003 1591 1171 1657 philosophie
1182 1591 1266 1656 libris,

174 1673 203 1722 in
215 1671 308 1737 quibus
324 1671 450 1736 scriptum
460 1672 647 1738 quesitumque
658 1679 708 1735 est,
720 1687 753 1722 sn
769 1687 872 1738 semper
881 1673 997 1724 omnibns
1009 1673 1090 1738 petris
1097 1673 1177 1738 jussis
1188 1673 1264 1723 obse·

176 1752 308 1819 quendum
317 1751 360 1802 sit.

207 1839 233 1884 8.
250 1832 326 1886 Quod
337 1847 428 1897 perum
440 1847 516 1898 mque
525 1833 687 1898 reprehensio
699 1832 806 1898 Epicuri
816 1849 833 1884 s
843 1833 984 1885 Plutsrcho
999 1840 1107 1898 perscts
1122 1833 1157 1883 sit
1172 1833 1199 1883 ln
1210 1833 1262 1898 syl·

175 1911 434 1978 logismidisciplins.

209 2001 233 2046 ο.
249 1994 326 2048 Quod
337 1993 406 2043 idem
423 1993 577 2044 Plutarchus
587 1993 701 2044 evidenti
711 1993 839 2044 columnia
855 1993 961 2045 verbnm
978 1993 1013 2044 eb
1034 1993 1148 2059 llplcnru
1164 1993 1264 2044 dlctnm

177 2076 321 2126 iuscctstne
330 2074 372 2124 slt·

211 2159 252 2204 10.
268 2151 338 2205 Quid
348 2153 401 2202 sint
410 2150 527 2202 ‘sevum
539 2151 709 2217 cspitolinse,'
726 2159 754 2202 et
769 2151 831 2216 quid
840 2166 918 2217 super
928 2167 961 2204 eo
971 2152 1051 2204 serbo
1065 2153 1105 2204 ll.
1117 2153 1266 2204 vmoeer·

177 2235 222 2285 rio
233 2233 347 2298 Sulpicio
358 2233 485 2297 querenti
496 2233 669 2296 rescripserit.

212 2319 253 2365 ll.
270 2315 311 2364 Dc
320 2312 405 2364 Siccio
417 2312 799 2377 Dentslqegregiolsellstore,
808 2313 891 2362 mults
900 2319 1042 2364 memoretur
1051 2313 1138 2376 digus.

208 2398 248 2444 12.
266 2393 438 2444 Concidersts
445 2407 621 2458 perpensoque
629 2393 671 2443 lex
681 2392 807 2458 'quedem
818 2393 928 2454 Solonis,
937 2394 1049 2458 speciem
1057 2393 1155 2444 hebens
1170 2393 1263 2458 primo.

178 2488 236 2525 rem
246 2474 340 2539 inique
351 2475 506 2540 injusteque
516 2474 592 2538 legis,
602 2473 648 2523 scd
660 2472 693 2522 ud
704 2487 778 2524 nsum
789 2474 1039 2540 emolumentumque
1054 2472 1212 2524 sslnbritetis
1224 2487 1268 2538 pe·

178 2557 249 2606 nitus
260 2561 374 2620 reperte.

212 2640 253 2689 11.
269 2633 406 2688 ‘Liberos'
422 2635 449 2685 ln
460 2634 633 2686 multitudinis
644 2649 751 2686 numero
766 2635 845 2687 etiem
857 2649 934 2686 nuum
944 2636 1024 2687 filium
1031 2634 1144 2686 lilismre
1155 2635 1265 2688 Veteres

177 2717 285 2768 dixitne.

212 2801 254 2846 11.
270 2795 347 2848 Quod
367 2796 406 2846 Μ.
427 2796 493 2846 Cstn
513 2796 539 2846 in
558 2795 632 2860 libro,
649 2797 693 2861 qui
712 2797 851 2860 inscriptus
872 2802 914 2846 est
935 2803 1027 2846 contre
1052 2793 1187 2846 Tiberium
1202 2807 1265 2844 exn-

177 2879 241 2941 lem,
254 2876 263 2907 ⁶
274 2876 386 2925 stitisses
397 2875 586 2940 rudimnnium,'
594 2877 660 2941 peri
674 2877 777 2927 literam
787 2877 862 2940 dicit,
878 2891 928 2927 nou
938 2877 1057 2927 stetisses.-
1075 2877 1182 2941 ejusque
1194 2874 1266 2924 verbi

177 2957 248 3006 rstio
259 2955 369 3006 redditu.

210 3041 252 3086 lt.
269 3035 346 3087 Quod
357 3034 498 3102 antiquitus
507 3037 581 3087 etstl
592 3041 704 3086 senectoe
713 3036 873 3100 potierimnm
883 3035 967 3086 hsbltl
977 3040 1037 3085 sunt
1052 3033 1129 3097 umpll
1141 3033 1267 3084 honores:

177 3124 207 3166 et
218 3121 368 3180 cnrposten
378 3115 412 3165 sd
422 3116 527 3165 meritos
544 3122 572 3166 et
587 3115 620 3165 sd
632 3123 719 3180 pstres
737 3115 815 3166 lidem
832 3115 875 3165 lstl
890 3116 998 3165 honores
1008 3113 1089 3164 deleti
1107 3113 1172 3163 sint:
1190 3121 1269 3178 stqne

178 3196 215 3246 ibi
232 3196 350 3260 quendem
361 3195 395 3245 de
403 3196 492 3260 cupite
503 3195 566 3260 legin
577 3196 654 3249 Julic
662 3196 782 3260 reprimo.

212 3279 254 3326 lt.
271 3274 346 3327 Quod
357 3274 491 3326 Cerellios
501 3274 605 3326 vindex
616 3291 631 3325 u
642 3275 757 3340 sulpicio
768 3274 1094 3341 Apollinerl'reprehensns
1109 3277 1151 3324 est
1167 3273 1196 3323 ln
1213 3287 1270 3322 sen·

176 3369 223 3406 sus
233 3356 368 3419 Virgilinui
378 3357 550 3407 emunctione.

213 3440 253 3487 ll.
271 3437 420 3501 cujusmodi
435 3443 551 3488 nstursm
568 3451 626 3487 esso
642 3437 807 3502 quarumdem
822 3436 1033 3502 propositionum
1052 3435 1090 3485 Μ.
1107 3433 1200 3485 Cicero
1216 3433 1269 3482 sui·

178 3517 365 3568 medserterlt:
383 3517 609 3582 disceptatumque
618 3517 654 3568 ibl
665 3532 783 3582 supereo
793 3517 930 3584 lpsoqncd
941 3518 1034 3568 Cicero
1045 3515 1237 3566 obserrsrerst.

212 3600 254 3646 18.
271 3596 348 3648 Quod
366 3596 483 3648 Plsredon
500 3597 648 3648 Socraticus
665 3611 753 3648 sersus
766 3597 834 3661 fuitq
849 3597 968 3664 qnodque
987 3597 1050 3647 ltem
1065 3595 1110 3646 elli
1127 3592 1269 3660 plsllosoplri

178 3676 348 3738 complusculi
355 3675 506 3726 serrltntem
514 3677 669 3728 servierunt.

212 3757 254 3804 lo.
271 3753 400 3805 ‘Rescire
411 3755 419 3778 ³
430 3755 535 3806 verbnm
548 3755 609 3822 qnid
628 3757 672 3816 eit,
689 3761 717 3808 et
729 3771 806 3823 qnsm
822 3756 916 3807 hebent
935 3769 1022 3806 rerem
1038 3761 1117 3820 etque
1138 3751 1270 3817 proprlsm

179 3833 402 3898 significationem.
905 3851 915 3868 ·

210 3919 253 3966 2⁰.
270 3913 701 3980 011aevulgodreuntur‘vlmts:
716 3914 743 3965 id
758 3915 909 3966 vccsbulnm
920 3915 1031 3964 Veteres
1049 3926 1102 3962 non
1121 3909 1228 3973 dixisse,
1244 3915 1272 3958 et

181 3994 243 4060 qnid
263 4009 312 4058 pro
330 4009 362 4045 eu
373 3995 406 4046 P.
416 3994 504 4060 Scipio
521 3996 550 4045 in
567 3996 686 4045 cretione
706 3995 739 4045 sd
757 3995 891 4060 pupulum,
907 3993 969 4059 quid
989 3998 1079 4056 postes
1096 3991 1134 4041 lll.
1145 3991 1228 4040 Vsrro
1245 3991 1272 4041 iu

179 4075 251 4125 libris
262 4073 296 4124 (le
306 4089 336 4124 re
347 4075 444 4126 rustics
454 4075 550 4126 dixerit
560 4081 720 4139 usurpetum.

213 4158 255 4204 11.
270 4153 354 4218 Super
366 4169 398 4206 eo
407 4155 503 4218 sidere,
519 4155 588 4220 qnod
600 4155 687 4205 Greci
697 4152 795 4216 Ιμωεαν,
810 4169 857 4206 nos
868 4150 1067 4218 septemtriones
1084 4164 1224 4202 rocemnss
1241 4163 1271 4208 so

182 4233 215 4286 de
227 4234 360 4302 utriusque
372 4235 491 4288 roeubnli
501 4236 602 4290 rstlone
612 4241 641 4286 et
651 4235 759 4300 origine.
