3076 4866
242 353 286 420 oo
628 369 749 417 runex
773 369 954 418 curiana.

254 499 257 504 Α
276 516 315 564 lt.
331 511 447 577 ‘injurie
455 511 517 562 mibi
528 509 624 562 facturn
636 513 706 576 itur,’
719 512 787 578 quali
799 512 931 562 verborum
940 511 1027 561 ordine
1038 511 1103 562 Cato
1114 509 1216 562 dixerit.

276 598 316 642 15.
334 592 598 655 DeflaminisDialis,
609 593 692 657 deque
709 591 844 642 flaminiam
862 591 1031 653 cerimoniis;
1049 592 1177 656 verbaque
1189 607 1221 640 ex
1240 592 1328 643 edicto

243 672 367 722 Praetoris
378 673 506 737 apposita,
517 673 609 737 quibus
621 673 743 722 dicituoa
753 679 900 722 coactarum
909 685 937 722 se
945 671 1209 736 adjursudnnrueqoe
1218 671 1329 736 virgines

244 752 333 802 Veste
344 767 427 817 aeque
439 753 549 802 Dialem.

277 838 317 884 16.
334 833 405 886 Quos
416 847 515 884 errores
527 833 611 886 Julius
620 833 731 896 lliginas
741 833 767 881 iu
775 838 848 882 sexto
859 832 959 897 Virgilii
971 831 1181 882 animadverterit
1191 831 1331 882 iubistoris

244 916 360 966 Romana
371 920 476 963 errator.

276 999 316 1045 17.
332 996 415 1046 eram
432 994 465 1044 ob
481 1009 582 1043 eausam
601 1001 629 1043 et
645 993 714 1057 quali
731 991 807 1042 modo
826 992 993 1042 Democritus
1010 992 1172 1056 philosophus
1190 991 1329 1042 luminibus

244 1077 375 1125 oculorum
386 1088 441 1124 sese
452 1074 607 1139 privaverit:
625 1080 652 1122 et
663 1087 741 1136 super
759 1087 790 1122 es
808 1086 836 1121 re
854 1086 942 1121 uersus
961 1071 1064 1122 Laberii
1076 1086 1140 1136 pure
1155 1071 1292 1121 admodum
1302 1077 1331 1121 et

245 1163 353 1204 venuste
365 1153 438 1204 iacti.

277 1239 315 1285 18.
332 1235 447 1284 Historia
458 1234 490 1284 de
500 1233 646 1295 Artemisia,
658 1233 740 1298 deque
752 1248 783 1283 eo
795 1232 946 1295 certamine,
957 1231 1027 1298 quod
1039 1232 1107 1298 apud
1123 1232 1236 1283 Mausoli
1245 1232 1330 1298 sepul-

245 1328 314 1364 arum
323 1329 341 1364 a
350 1315 519 1379 scriptoribus
528 1315 632 1378 inclytis
644 1315 804 1364 decertatum
816 1321 866 1364 est.

278 1399 318 1445 lo.
335 1397 395 1446 Nou
414 1398 518 1460 purgari
529 1411 613 1462 neque
634 1397 713 1446 lerari
732 1405 877 1460 peccatum,
896 1396 955 1445 dnm
975 1395 1147 1459 pretenditur
1157 1403 1332 1460 peccatorum,

245 1491 302 1540 quae
315 1477 358 1525 alii
369 1493 469 1542 quoque
481 1485 663 1542 peccauerunt,
673 1477 826 1528 similitudo:
843 1485 920 1543 atque
929 1477 992 1526 inibi
1000 1478 1078 1528 rerba
1086 1493 1119 1528 ex
1129 1479 1244 1528 oratioue
1254 1492 1333 1542 saper

245 1570 276 1604 ea
287 1570 315 1604 re
327 1557 521 1608 Demosthenis.

277 1639 318 1686 2⁰.
334 1637 403 1687 Quid
416 1638 451 1687 sit
461 1639 469 1666 ⁴
481 1638 596 1703 rogatio,
607 1638 667 1703 quid
679 1642 687 1668 ⁸
698 1637 758 1701 lex,’
769 1639 831 1704 quid
842 1639 850 1668 ‘
863 1638 1044 1704 plebiscitum,'
1055 1638 1115 1704 quid
1132 1639 1141 1667 ⁴
1153 1637 1331 1702 priuilegium,¹

247 1723 275 1765 et
286 1723 408 1780 quantum
419 1717 468 1768 ista
479 1719 563 1780 omnia
574 1717 704 1769 differant.

278 1800 318 1845 21.
335 1799 418 1849 Quam
429 1797 462 1846 ob
472 1813 574 1848 causam
585 1799 622 1848 Μ.
634 1799 723 1848 Cicero
734 1799 773 1848 iris
785 1799 886 1849 omuino
899 1797 981 1848 verbis
991 1802 999 1827 ‘
1009 1797 1157 1848 norissime'
1169 1804 1195 1846 et
1207 1799 1215 1824 ‘
1228 1796 1332 1846 novissi·

246 1875 316 1924 mus’
328 1877 366 1926 nti
374 1877 593 1927 observantissime
606 1878 703 1928 vitarit.

278 1960 319 2004 22.
337 1959 420 2006 Locus
432 1965 548 2007 exemtus
559 1973 590 2007 ex
603 1959 719 2008 Plutonis
728 1958 803 2017 libro,
815 1960 858 2023 qui
867 1959 1015 2008 inscribitur
1024 1957 1144 2022 Gorgias,
1153 1958 1186 2006 de
1198 1956 1267 2006 falsae
1279 1958 1333 2022 plri-

247 2037 368 2100 losophiae
378 2037 486 2100 probris,
496 2039 588 2102 quibus
600 2038 762 2103 philosophos
773 2045 869 2089 temere
881 2039 1021 2102 incessant,
1030 2038 1073 2104 qui
1085 2039 1255 2088 emolumenta
1264 2052 1332 2087 uerae

248 2117 413 2180 philosophice
427 2117 553 2177 ignorant.

278 2200 319 2246 23.
337 2197 423 2244 Verbs
434 2198 592 2246 exoratione
603 2197 642 2247 Μ.
654 2197 759 2247 Catonis
770 2197 803 2246 de
814 2199 947 2248 mulierum
960 2204 1074 2247 veterum
1085 2198 1155 2247 rictu
1167 2205 1194 2246 et
1206 2197 1329 2246 moribus:

248 2283 325 2340 atque
344 2276 415 2338 inibi,
425 2277 492 2342 qnod
509 2275 590 2328 fuerit
602 2278 646 2341 jus
664 2279 755 2328 marito
775 2280 800 2326 ia
824 2279 951 2328 adulterio
967 2293 1072 2328 uxorem
1089 2277 1272 2341 deprehensam
1290 2291 1333 2326 ne-

249 2371 318 2406 care.
1179 2399 1182 2404 .

279 2439 320 2485 24.
338 2436 407 2484 ‘Die
420 2435 538 2498 pristiai‚’
549 2437 557 2466 ‘
570 2436 611 2486 die
627 2436 751 2498 crastini,'
762 2444 790 2488 et
806 2444 813 2466 ¹
826 2438 868 2487 die
879 2437 981 2504 quarti:
991 2445 1018 2486 et
1037 2437 1097 2486 ‘die
1108 2434 1208 2502 quintl,'
1223 2437 1266 2502 qui
1282 2437 1334 2486 ele·

249 2515 351 2577 gentius
362 2516 442 2565 locati
453 2525 521 2578 suut,
531 2517 638 2578 dixisse,
650 2533 699 2567 non
710 2527 737 2568 ut
746 2533 777 2568 ea
789 2519 864 2582 vulgo
875 2519 994 2568 dicuntur
1004 2532 1081 2568 nuuc.

280 2599 321 2644 25.
337 2597 456 2644 Telorum
468 2603 494 2644 et
499 2597 641 2660 jaculorum
653 2598 857 2664 gladiorumque,
866 2606 943 2663 atque
956 2597 1017 2648 inibi
1029 2599 1132 2647 nuvium
1144 2612 1245 2662 quoque
1259 2611 1334 2648 roca·

249 2673 318 2736 bula,
328 2689 385 2738 ques
398 2675 496 2738 scripta
505 2677 529 2723 in
540 2677 665 2725 Veterum
677 2677 749 2726 libris
763 2679 934 2740 reperiuntur.

280 2759 320 2803 26.
338 2755 434 2804 inscite
443 2755 475 2804 ab
489 2756 575 2805 Asinio
592 2757 710 2806 Pollione
727 2759 909 2820 reprehensum
922 2757 1080 2817 Sallustium,
1091 2757 1157 2820 quod
1169 2759 1177 2786 ‘
1189 2756 1337 2808 transfreta·

249 2835 345 2883 tionem
356 2835 555 2898 transgressum’
564 2836 671 2900 dixerit,
688 2839 695 2866 ‘
707 2845 734 2888 et
743 2846 917 2902 transgressos
928 2838 971 2903 qui
982 2835 1207 2886 transfretassent!

281 2919 322 2964 27.
339 2915 455 2964 Historia
474 2916 506 2964 de
527 2918 624 2980 populo
642 2919 755 2968 Romano
766 2920 850 2984 deque
861 2920 957 2983 populo
969 2919 1084 2981 Poeaico,
1095 2917 1163 2982 quod
1178 2919 1232 2982 pari
1244 2933 1338 2984 prope·

249 2995 351 3044 modurn
363 2995 451 3058 vigore
463 2993 560 3045 t'neriut
571 2998 666 3046 aemuli.

282 3077 321 3124 28.
339 3075 377 3122 De
387 3085 493 3125 aetatum
505 3075 614 3126 tinibus‘
628 3065 922 3144 pureritiae,’‘juventae‚’
934 3081 941 3108 ⁸
953 3079 1078 3130 senectae’
1093 3093 1124 3129 ex
1133 3080 1276 3130 'l'uberouis
1287 3081 1337 3130 bis·

251 3155 316 3202 toria
327 3161 447 3202 sumtum.
1149 3169 1151 3176 ’

282 3237 322 3283 2⁹·
340 3234 415 3285 Quod
428 3235 563 3300 particula,
579 3238 696 3309 ‘utque'
708 3255 757 3289 nou
776 3242 937 3306 complexiva
949 3247 1048 3291 tautum
1063 3241 1107 3302 sit,
1124 3239 1168 3290 sed
1186 3239 1338 3290 vimhabeat

253 3315 394 3379 plusculam
406 3314 561 3381 curiamque.

571 3516 743 3566 Commentario
753 3519 873 3568 undecimo
883 3518 932 3567 boer
942 3518 1029 3571 imant.

284 3614 308 3660 l.
325 3610 365 3660 De
377 3611 474 3674 origine
483 3611 600 3661 vocabuli
617 3619 695 3662 terras
706 3614 803 3676 ltalise,
819 3614 902 3678 deque
918 3629 951 3663 ea
961 3615 1051 3675 multa,
1063 3629 1119 3679 quae
1131 3620 1139 3643 ⁴
1151 3610 1283 3678 suprema’
1296 3625 1340 3674 ap·

252 3691 372 3755 pellatur,
381 3690 465 3755 deque
474 3691 529 3755 ejus
540 3693 648 3742 nominis
659 3695 774 3744 ratione:
793 3709 823 3745 ac
833 3695 865 3744 de
876 3695 934 3758 iege
950 3694 1048 3752 Ateria,
1061 3703 1086 3744 et
1097 3694 1190 3761 quibas
1200 3693 1285 3743 verbis
1296 3707 1340 3742 an·

251 3770 358 3834 tiquitua
370 3773 451 3820 multa
460 3772 565 3820 minima
575 3771 627 3822 dici
638 3773 714 3822 solita
723 3773 764 3823 sit.

283 3855 307 3902 2.
323 3851 418 3902 Quod‘
432 3851 574 3915 elegantis'
586 3853 654 3915 apud
672 3854 829 3918 antiquiores
848 3869 900 3904 nou
920 3853 953 3904 de
963 3853 1101 3904 smoeuiore
1116 3853 1228 3917 iugenio,
1244 3851 1289 3901 sed
1306 3851 1340 3900 de

252 3929 372 3981 nitidiore
383 3931 454 3981 cultu
464 3939 541 3996 atque
550 3932 623 3982 rictu
631 3932 777 3998 dicebatur,
789 3950 870 3999 eaque
880 3935 906 3984 ia
919 3935 981 3984 ritio
992 3935 1143 3999 ponebatur.

284 4013 308 4057 t.
324 4009 413 4060 Qualis
428 4017 576 4076 quantaque
592 4012 627 4063 sit
641 4014 649 4042 ‘
662 4011 725 4076 pro'
738 4013 874 4076 particule
893 4015 1023 4077 varietas;
1042 4014 1127 4078 deque
1143 4011 1266 4076 exemplis
1283 4011 1340 4076 einr

255 4089 395 4138 varietatis.

286 4173 311 4219 t.
326 4169 409 4221 Quem
421 4170 448 4220 ia
459 4171 561 4224 modum
572 4174 607 4226 Q.
619 4173 717 4225 Eunias
728 4188 816 4226 versus
826 4175 945 4242 Euripidi
954 4175 1088 4227 aemulatus
1097 4173 1140 4223 sit.
