3076 4866
474 985 670 1072 JACOBI
712 995 985 1076 GRONOVH

222 1238 1143 1424 'PRAEFATIO

363 1503 521 1620 'AD
583 1517 1044 1626 mucronum.

599 1815 863 1834 —n--n-—n

598 1839 863 1865 ψ

184 2038 288 2128 Nou
302 2062 438 2128 memini
452 2063 497 2128 ub
511 2064 579 2128 nilo
593 2062 769 2130 industriae
782 2084 866 2130 mere
880 2066 1067 2149 specimine
1082 2087 1136 2136 me
1153 2067 1282 2136 disces·

182 2167 271 2230 sisse
284 2166 447 2232 laetiorem
463 2166 506 2230 ad
521 2165 622 2230 verbe
643 2172 756 2230 tecum
770 2165 814 2230 de
828 2185 870 2230 eo
885 2167 1053 2248 faciende,
1075 2189 1176 2254 quum
1191 2191 1283 2236 cum·

183 2269 331 2334 maxime
354 2269 398 2333 ub
417 2267 604 2351 pervigilio,
628 2266 720 2351 quod
742 2267 793 2330 bis
823 2265 996 2334 Noctibus
1017 2271 1135 2335 iterum
1157 2272 1283 2355 impen-

182 2371 276 2436 disse
289 2370 470 2448 merides,
495 2387 562 2452 quo
590 2376 638 2448 tu,
664 2370 711 2434 mi
732 2369 867 2448 Lector,
886 2371 1035 2456 lepidius
1058 2378 1093 2436 et
1113 2375 1283 2442 venustius

182 2473 319 2538 easdem
342 2471 464 2536 deinde
490 2470 629 2553 vigilare
651 2490 785 2554 posses.
832 2471 915 2537 Erat
936 2473 1071 2556 quidem
1091 2473 1127 2538 id
1153 2473 1283 2557 jamdiu

183 2575 430 2655 necessarium
451 2573 509 2637 sed
526 2573 570 2637 ab
585 2591 627 2636 eo
642 2591 799 2636 aversum
812 2581 916 2638 meet
931 2573 1160 2640 abhorrentem
1175 2577 1283 2660 magis

185 2674 287 2754 sensi,
310 2695 411 2760 quom
436 2681 475 2739 ut
499 2673 553 2738 vel
575 2675 618 2738 ub
639 2673 848 2738 librariorum
865 2675 1034 2757 petitione,
1049 2675 1104 2738 vel
1119 2694 1285 2742 excausa

184 2797 343 2856 mearum,
372 2795 457 2861 quas
479 2795 584 2860 saepe,
612 2777 714 2841 immo
742 2775 882 2840 assidue
906 2777 1071 2842 versando
1092 2777 1283 2858 alleverom,

184 2877 358 2944 liturumm
388 2877 537 2942 converti
562 2877 645 2942 illuc
672 2877 847 2960 potuerim.
892 2876 1126 2957 Querebuntur
1148 2881 1283 2963 quidem

183 2981 236 3046 iili
251 2982 294 3046 ab
308 3001 345 3047 se
360 2979 482 3064 requiri
497 2979 648 3065 quotidie
663 2979 808 3058 Gellios,
831 2987 865 3046 et
887 2981 1000 3044 nultos
1018 2982 1146 3064 exponi
1162 3001 1284 3048 venum

185 3099 299 3166 posse.
343 3081 417 3148 Nec
431 3084 542 3147 minus
556 3083 609 3148 hee
624 3084 795 3166 urgebant,
811 3087 850 3148 ut
864 3082 921 3146 diu
936 3101 1132 3166 suppresse
1149 3081 1284 3150 tandem

186 3185 338 3249 venirent
362 3186 396 3250 in
418 3203 514 3273 usum
539 3191 575 3250 et
597 3184 762 3262 notitiam,
784 3189 841 3248 out
863 3203 959 3267 spem
981 3183 1159 3267 implerent
1181 3185 1284 3251 Gellii

185 3279 380 3370 adjuvandi.
422 3283 526 3351 iuste
536 3285 573 3350 in
589 3291 728 3368 utroque
743 3303 864 3368 genere
878 3303 945 3348 non
963 3283 1140 3362 diffitebar,
1165 3285 1224 3350 scd
1240 3285 1284 3352 ud

132 3387 138 3396 “
186 3387 325 3452 taedinm
353 3389 445 3454 ibam
474 3386 706 3452 recordatione
733 3405 844 3464 cesus,
870 3405 968 3469 quern
995 3385 1093 3450 Petri
1118 3385 1284 3453 accidisse

184 3509 354 3574 nunquam
370 3490 604 3568 dememinero,
626 3495 662 3554 trt
681 3509 779 3573 quem
794 3487 850 3552 hic
865 3487 964 3552 labor
976 3487 1072 3552 velut
1085 3487 1186 3552 seroie
1201 3488 1284 3570 quid

184 3599 370 3676 apportans
391 3592 575 3675 obsopivit,
592 3597 625 3655 et
645 3590 813 3656 Gellienoe
836 3609 948 3674 operae
971 3590 1040 3654 istu
1062 3608 1190 3654 merces
1209 3590 1284 3668 fnit,

186 3703 224 3762 ut
237 3699 437 3782 opprimeret
451 3697 551 3762 istem
566 3713 714 3773 menum,
730 3695 925 3778 priusquam
938 3693 982 3758 ud
995 3693 1121 3758 enicem
1136 3693 1283 3774 veniret;

184 3799 268 3865 illud
283 3799 442 3865 videlicet
456 3800 581 3883 ipsum,
597 3798 689 3883 quod
707 3805 759 3863 tot
774 3797 849 3862 aliis
863 3797 1004 3861 eandem
1019 3796 1062 3860 ud
1077 3796 1283 3880 provinciam

184 3902 393 3986 comparatis
407 3903 539 3982 euenit;
554 3907 587 3968 et
599 3903 725 3968 licebat
738 3901 854 3985 utique
867 3905 1015 3964 metuere
1027 3895 1192 3981 exemplu.
1215 3895 1284 3964 Sed

183 4004 267 4087 quid
295 4003 428 4069 multat
475 4002 560 4068 Gnm
584 4005 634 4069 sic
657 4003 715 4069 diu
736 4001 877 4068 effectus
899 4020 1021 4076 essem,
1044 4015 1133 4062 nuno
1151 4001 1284 4081 tempus

186 4108 298 4190 ipsum
322 4107 410 4170 bunc
438 4125 508 4172 rem
533 4107 610 4190 egit.
655 4105 729 4170 Etsi
751 4105 836 4169 enim
862 4121 940 4168 meu
961 4102 1046 4166 ratio
1069 4106 1198 4165 mutate
1217 4117 1285 4164 non

186 4215 292 4288 esset,
321 4216 431 4274 temen
457 4213 583 4292 quante
610 4207 801 4292 pertinacia
827 4209 1019 4290 quantoque
1048 4201 1149 4272 animi
1172 4200 1284 4277 studio

251 4323 340 4390 Detpir.
350 4331 376 4375 et
384 4325 442 4376 γαν.
453 4325 520 4376 cur.
695 4324 727 4374 A.
740 4323 804 4372 ceu.
1194 4318 1219 4370 Α
