3076 4866
115 432 126 450 ,
206 375 229 442 8
584 385 714 438 ιιοοιιι
739 383 924 438 cnonovrr

208 533 382 603 inescatus
397 529 548 614 vulgaria
558 549 625 596 nou
641 528 881 596 contemserim.
926 525 964 592 Si
979 525 1060 591 nibil
1074 523 1178 602 aliud,
1195 526 1306 590 osten-

209 637 304 715 dunt,
313 642 350 701 ut
359 636 403 702 ab
417 651 484 700 uuo
500 643 535 700 et
549 633 679 717 optimo
693 633 786 698 uarie
802 631 847 698 sit
859 631 1056 707 discessum,
1068 635 1104 694 et
1118 647 1208 693 error
1222 647 1305 713 pau·
1369 673 1391 714 5

208 738 304 806 latim
318 738 470 803 creuerit.
513 737 536 804 J
540 756 594 802 am
616 735 708 820 coepi
733 755 792 819 per
816 734 994 799 subseciva
1015 731 1199 814 temporum
1223 750 1305 796 cou-

209 840 295 906 ierre
309 845 342 904 et
355 840 443 904 intra
455 849 601 904 mensem
614 839 664 904 sic
680 857 721 904 eo
736 854 873 902 usurum
888 853 1002 919 spero,
1019 841 1057 898 ut
1071 852 1131 897 cur
1144 852 1220 896 eum
1234 851 1305 896 mo-

209 961 271 1020 rer,
286 959 398 1007 causae
414 941 498 1008 nihil
510 942 663 1006 habeam.
707 939 794 1005 Τιιιιι
807 938 936 1006 scilicet
948 937 1002 1002 vel
1016 943 1053 1000 tu
1066 934 1306 1000 monstraveris

209 1043 303 1121 ruini,
316 1043 371 1108 vel
392 1063 452 1126 ego
473 1045 643 1120 invenero,
666 1042 725 1125 qui
750 1041 881 1106 salvum
902 1042 1047 1122 reportet
1070 1039 1143 1114 tibi,
1168 1037 1305 1120 quando

210 1146 326 1212 merito
340 1163 453 1210 carum
468 1146 531 1210 tibi
547 1164 622 1210 esse
633 1141 825 1227 significas!
870 1141 1000 1220 Habes,
1015 1141 1083 1204 nisi
1092 1140 1201 1218 fallor,
1213 1141 1306 1224 quic,

211 1245 293 1332 quid
309 1254 424 1330 potest
438 1247 482 1311 ad
497 1248 651 1311 notitiam
666 1245 795 1310 codicis
811 1241 1027 1310 Sebefferiani
1042 1243 1217 1326 pertinere.
1303 1273 1307 1280 ·

254 1349 321 1414 Sed
345 1368 450 1433 neque
474 1349 623 1412 desidere
644 1348 756 1432 potnit
777 1365 838 1431 pro
856 1345 972 1410 ardore
987 1363 1050 1410 suo
1064 1349 1228 1428 perpetuo
1243 1342 1306 1407 Vir

212 1449 391 1518 Excellens
405 1451 505 1516 Bern.
522 1450 788 1527 Rottendoriius,
801 1447 881 1532 quin
896 1455 1080 1531 postquem
1100 1445 1307 1512 indicaverat

211 1572 270 1636 per
282 1551 399 1616 literas
414 1551 467 1617 22.
482 1551 567 1616 Maii
580 1553 677 1618 1651.
691 1553 844 1634 scriptas,
861 1569 897 1614 se
912 1551 948 1613 iu
962 1549 1117 1631 catologo
1130 1547 1307 1612 Nundina-

211 1672 286 1718 rum
303 1653 625 1719 Francosurteusium
640 1653 764 1718 vidisse
779 1652 911 1716 Patrem
926 1651 1134 1716 recensuisse
1146 1650 1307 1716 bocanno

211 1753 335 1823 Aulum
352 1754 510 1832 Gellium,
533 1759 719 1832 testaretur,
744 1754 774 1818 si
795 1753 955 1820 maturius
969 1751 1035 1818 boc
1049 1752 1217 1828 scivisset,
1231 1769 1307 1834 pro-

213 1867 405 1922 curaturum
420 1857 522 1921 luisse
537 1859 788 1940 antiquissimas
802 1857 1025 1933 membranas,
1041 1861 1076 1920 et
1083 1855 1226 1920 omnium
1239 1854 1308 1936 pri·

212 1971 302 2025 tuam
325 1957 506 2024 editionem
536 1957 726 2024 Romanam
749 1959 791 2022 do
816 1977 903 2023 enno
929 1957 1022 2022 1472.
1049 1955 1161 2022 insol.
1206 1955 1308 2020 Unde

213 2077 289 2125 curu
317 2067 469 2143 pergeret
496 2079 577 2124 mox
601 2060 635 2125 3.
663 2061 757 2126 Junii
780 2061 924 2125 scribere
957 2079 994 2124 se
1022 2059 1151 2124 vidisse
1180 2057 1308 2127 Aulum

214 2157 361 2227 Gellium
383 2161 584 2243 praecedenti
610 2180 696 2227 auno
721 2161 765 2226 ad
786 2161 952 2238 Rhenum,
967 2161 1080 2226 addit:
1097 2164 1232 2228 ‘verum
1247 2160 1309 2224 illo

213 2263 314 2344 potiri
322 2264 537 2347 nequeo,nisi
547 2263 640 2329 suero
656 2261 836 2348 praesens3'
852 2269 953 2345 atque
963 2265 1095 2328 itacum
1107 2263 1310 2330 variiscirca

213 2353 462 2447 Westpbaliam
486 2365 696 2448 Principibus
722 2372 811 2430 esset
834 2365 1049 2442 amedicina,
1064 2365 1246 2432 affirmabat
1253 2363 1309 2448 jn·

161 2485 162 2490 ¹
215 2465 323 2530 caude
349 2465 536 2549 blandeque
564 2472 779 2532 serenatum
803 2469 947 2547 itnrum3
972 2467 1079 2532 donec
1102 2483 1310 2550 quacumque

214 2568 343 2636 tatione
358 2567 431 2631 sive
446 2567 539 2633 illum
551 2569 624 2633 sire
639 2568 741 2632 alium
757 2567 862 2634 Gellii
874 2567 1021 2633 codicem
1034 2586 1169 2650 quoquo
1181 2567 1224 2632 ad
1239 2587 1310 2633 ma-

214 2689 291 2734 num
305 2669 408 2734 Pater
422 2689 524 2754 opera
538 2671 609 2754 ejus
630 2671 757 2748 habuit,
773 2670 838 2738 etsi
857 2669 1002 2734 nondum
1019 2671 1153 2752 assequi
1170 2671 1310 2754 possim,
1423 2747 1426 2756 ,

216 2791 283 2854 quo
298 2779 447 2854 tempore
459 2780 645 2856 acceptum.
691 2773 814 2838 Habeo
829 2773 941 2838 literas
956 2791 1057 2836 manu
1072 2771 1133 2836 tilii
1147 2771 1311 2836 Bernardi

216 2872 383 2938 Eustatbii
400 2874 620 2940 Roitendorfii
634 2883 803 2952 exaratas,
827 2875 950 2957 quibus
965 2874 1054 2937 mitti
1068 2873 1194 2937 adeum
1208 2878 1310 2937 testa-

214 2983 267 3042 tur
278 2977 324 3042 ab
339 2995 376 3040 se
385 2975 486 3059 jussu
501 2977 606 3059 patris
620 2976 770 3042 Gellium
789 2975 997 3040 Monasterio
1010 2978 1041 3038 5.
1056 2974 1079 3039 J
1082 2975 1164 3052 unii,
1180 2976 1233 3042 oui
1243 2993 1310 3040 non

216 3076 329 3142 aildite
344 3085 397 3142 est
411 3081 542 3142 notatio
559 3079 648 3144 anni.
692 3079 803 3144 Etiam
827 3080 862 3144 in
887 3077 1094 3142 Kalendario
1118 3078 1195 3142 anni
1213 3076 1311 3142 1652.

215 3177 316 3246 video
332 3179 375 3242 ab
391 3177 492 3244 Patre
506 3185 700 3246 annotatum
715 3183 748 3248 5.
766 3180 949 3248 Novembr.
972 3179 1096 3244 ‘Redii
1112 3185 1146 3243 et
1159 3179 1274 3244 inueni
1290 3197 1312 3243 a

218 3279 451 3346 Rotlendorfio
465 3281 581 3346 literas
591 3301 666 3346 cum
681 3279 766 3346 Mes.
780 3281 890 3346 Statio
901 3287 933 3346 et
943 3289 1053 3346 vetere
1066 3279 1177 3348 Gellio
1188 3280 1207 3360 ;'
1218 3279 1311 3362 quod

215 3381 328 3448 forsan
354 3381 423 3447 huo
452 3384 604 3467 pertinet.
649 3384 746 3450 Siout
774 3384 895 3449 eodem
920 3403 1008 3450 anno
1030 3381 1152 3448 ibidem
1178 3382 1313 3466 scripsit

218 3482 367 3554 Gallium
381 3484 424 3548 ab
439 3505 476 3550 se
492 3486 631 3550 missum
653 3505 730 3552 esse
755 3487 799 3550 ad
824 3485 1038 3561 salmasium,
1060 3483 1120 3567 qui
1143 3483 1312 3551 maximus

217 3583 268 3648 vir
283 3591 363 3650 tunc
379 3586 461 3650 inter
474 3585 626 3651 homines
641 3605 717 3652 esse
735 3585 847 3654 desiit.
892 3585 983 3664 Quid
998 3584 1090 3668 quod
1105 3591 1141 3650 et
1154 3584 1199 3648 ab
1214 3585 1311 3650 Luca

219 3684 471 3768 Langermanno
487 3689 646 3771 scriptum
658 3688 756 3753 video
767 3687 898 3754 Roma
889 3703 974 3770 ipsis
982 3685 1074 3750 ferus
1086 3683 1312 3750 Pascbalibus

217 3784 306 3854 Anni
332 3788 429 3854 1652.
451 3789 495 3854 J
498 3809 552 3854 am
576 3789 620 3854 ad
642 3790 786 3856 Gellium
807 3788 1008 3874 progrediar.
1053 3787 1164 3854 Incidi
1178 3789 1264 3852 enim
1279 3788 1313 3852 iu

218 3889 406 3972 exemplum
422 3887 559 3974 aliquod
576 3890 676 3956 credo
691 3911 767 3958 cum
789 3890 932 3960 dirersis
946 3887 1120 3954 codicibus
1133 3880 1316 3954 collatum!

219 3988 373 4072 Denique
387 3991 430 4055 ad
446 4012 522 4058 eum
543 3995 635 4060 venit
649 3993 754 4060 editio
769 3993 939 4058 continens
956 3989 1168 4056 Ascensiana
1182 3989 1314 4056 scholia

219 4109 295 4156 oum
309 4091 436 4173 AEgidii
451 4093 591 4162 Maserii
613 4094 817 4160 Parisiensis
836 4101 871 4158 et
885 4091 979 4158 Petri
995 4090 1175 4156 Mosellani
1190 4089 1313 4154 Proto·

219 4193 331 4276 gensis
357 4197 523 4263 annotatis
544 4217 589 4264 cx
610 4197 744 4268 officina
764 4195 952 4266 Vascosani
978 4202 1163 4260 mcxxxv,
1187 4190 1228 4258 do
1243 4211 1314 4277 qua
