3076 4866
234 395 277 460 48
332 408 423 458 aum
449 405 576 454 GELLll
603 402 799 452 PRAEFA'HO
826 401 864 450 ΙΝ
890 399 1032 450 NOG'PES
1056 399 1228 447 auricus.

323 547 433 622 Τούτοις
447 548 534 626 αὐδῶ,
551 543 645 621 καῦθις
659 547 785 624 ἀπαυδῶ,
802 542 896 617 καῦθις
908 545 940 607 τὸ
955 542 1047 631 τρίτον
1061 546 1132 626 μαλ’
1148 543 1273 621 ἀπαυδῶ,

319 649 508 728 Ἐξὶστασθαν
523 653 596 712 τοῖσι
605 651 713 734 χοροῖς·
729 651 812 730 ὑμεῖς,
821 647 844 710 δ’
859 644 1013 733 ἀνεγείρετε
1027 650 1137 728 μολπὴν

321 755 379 818 Kal
390 749 561 837 παννυχίδας
576 753 628 824 τὰς
643 750 789 836 ἡμετέρας,
803 748 834 812 αἳ
848 751 914 835 τῇδε
927 748 1075 834 πρέπουσιν
1089 754 1177 835 ὖορτῇ.

233 861 288 924 12.
311 856 493 922 Volumina
508 853 818 918 commentariorum
841 852 884 914 ad
903 852 987 915 bunc
1009 851 1100 915 diem
1119 852 1239 932 viginti
1254 851 1328 935 jam

234 960 327 1024 lacta
355 962 442 1022 sunt.
487 953 660 1032 Quantum
688 961 798 1018 autom
825 954 906 1016 vitae
930 953 1011 1018 mihi
1033 953 1194 1036 deinceps
1216 955 1328 1018 Deum

232 1061 404 1125 voluntate
418 1057 492 1132 erit,
508 1063 731 1139 quantumquo
746 1075 768 1119 a
787 1055 909 1120 tuenda
931 1075 967 1118 re
991 1055 1146 1119 familiari
1157 1061 1181 1102 ¹⁵
1207 1073 1329 1139 procu-

233 1161 404 1243 randoque
417 1159 511 1222 cultu
526 1159 706 1221 liberorum
719 1164 889 1220 meorum⁶
902 1156 1037 1220 dabitur
1052 1157 1178 1237 otium;
1201 1175 1242 1221 ea
1256 1175 1328 1221 om-

233 1265 290 1328 nia
305 1258 506 1327 subsicira¹⁶
521 1266 555 1323 et
569 1260 831 1324 subsecundaria
840 1268 865 1308 ¹⁷
878 1265 1048 1342 tempora*
1063 1258 1107 1322 ad
1121 1259 1326 1342 colligendas

231 1363 465 1449 hujuscemodi
492 1360 723 1424 memoriarum
753 1357 1074 1442 disceptatiunculas
1087 1358 1113 1398 ¹⁸
1147 1360 1326 1426 conferam.

234 1465 464 1548 Progredietur
476 1464 574 1545 igitur
585 1481 741 1526 numerus
750 1462 923 1540 librorum,
935 1461 1012 1526 Diis
1023 1463 1106 1527 bene
1117 1461 1326 1546 juvantibus,

233 1588 308 1633 curn
323 1567 433 1648 ipsius
448 1566 538 1644 uitae,
554 1565 707 1649 quantuli
720 1566 843 1648 quique
867 1564 999 1642 suerint,
1015 1565 1257 1647 progressibus,
1271 1584 1327 1630 ne-

232 1689 298 1753 que
319 1668 472 1749 longiora
494 1667 572 1730 mihi
596 1665 667 1731 dari
680 1675 704 1717 ¹⁹
726 1669 838 1749 spatia
860 1667 995 1731 vivendi
1016 1667 1107 1745 volo,
1130 1665 1326 1751 quemdum

232 1791 289 1836 ero
303 1771 346 1834 ad
360 1769 447 1833 banc
463 1787 597 1852 quoque
619 1769 814 1834 facultatem
832 1768 997 1834 scribendi
1015 1768 1326 1852 commentandique

232 1872 383 1936 idoneus.
429 1871 481 1936 13.
505 1871 627 1954 Capita
641 1883 771 1949 rerum,¹
785 1892 862 1956 quae
885 1871 1007 1955 cuique
1022 1870 1256 1936 commentario
1277 1871 1327 1934 in·

231 1977 315 2049 sunt,
329 1972 548 2054 exposuimus
567 1972 621 2036 bio
644 1974 817 2057 universa:
846 1979 883 2038 ut
899 1973 971 2056 jam
995 1973 1109 2038 statim
1130 1972 1326 2050 declaretur,

232 2074 314 2160 quid
329 2092 437 2156 quove
448 2081 476 2111 ²⁰
488 2075 521 2138 in
537 2074 622 2138 libro
638 2076 745 2158 quaeri
759 2077 964 2159 invenirique
978 2076 1095 2160 possit.

264 2261 275 2289 ⁸
291 2253 325 2305 Et
335 2257 489 2319 promovende
498 2253 645 2306 inatutone
655 2269 756 2305 memm
767 2254 900 2306 liberorum.

233 2497 290 2546 Joc.
307 2497 477 2546 Graeca-16
497 2499 660 2560 ΟννινιΙννννςνν
678 2513 693 2545 u
713 2513 770 2546 curo
789 2498 882 2562 publicu
900 2503 924 2548 et
941 2513 957 2547 e
973 2498 1039 2556 res.
1060 2499 1128 2563 curig.
1161 2500 1329 2563 Clrartaeeur,

233 2567 388 2624 quantumque
398 2577 482 2610 nouem
492 2577 506 2609 u
517 2575 542 2610 re
551 2561 576 2620 s.
610 2561 735 2610 Rottend.
747 2569 902 2626 quantumque
910 2565 941 2612 ud
951 2565 1024 2612 nendo
1036 2578 1062 2612 re
1071 2563 1097 2622 f.
1131 2563 1193 2626 aeg.
1204 2571 1326 2628 quantem·

231 2641 275 2688 que
285 2641 301 2674 u
311 2627 396 2676 tuende
407 2625 462 2683 res.
480 2633 509 2674 ut
522 2625 648 2674 beneficio
661 2627 792 2674 Carrionis
814 2626 897 2676 edidit
915 2628 1136 2691 Stephanus-16
1152 2627 1237 2678 Aliter
1254 2631 1329 2679 sueci-

231 2691 292 2739 eteu.
319 2689 379 2739 vio.
389 2690 451 2740 Not.
463 2690 589 2739 vna-rr
606 2691 753 2753 ‘suspicari
767 2691 846 2754 porris
859 2693 984 2754 posterius
994 2693 1036 2741 rub
1046 2691 1221 2777 imprudentia
1232 2693 1328 2744 librarii

233 2753 384 2815 repetitum,
394 2768 451 2802 errm
462 2755 606 2816 scripsisset
618 2765 725 2803 arrctor:
742 2755 860 2804 aunuum
870 2762 892 2804 et
904 2757 1041 2804 secundario
1055 2760 1075 2804 t.
1099 2755 1127 2806 J.
1139 2755 1168 2805 F.
1180 2757 1328 2807 Gronov.-

232 2821 264 2866 18
276 2819 340 2881 Reg.
351 2825 379 2866 et
390 2818 450 2868 Rot.
461 2819 676 2868 dekctutiuneulur.
686 2819 749 2867 Mox
761 2819 836 2867 iidem
847 2819 924 2868 codd.
941 2821 1113 2882 Progredietur
1124 2825 1253 2882 erga—19
1264 2821 1319 2871 Rot

121 2885 129 2892 '
232 2882 318 2931 nascit
329 2882 429 2931 etmihi
440 2881 663 2944 dart-ao‘Attt,
678 2884 734 2946 quid
753 2898 849 2946 quoque.
883 2884 969 2948 Magis
987 2885 1087 2948 antiqui
1107 2886 1238 2949 moris,in
1257 2857 1329 2952 quod

232 2947 396 2997 consentiunt
407 2947 472 2998 Mus.
483 2954 510 2996 et
522 2948 605 3011 prima
617 2946 658 2996 ed.
669 2947 726 3010 quid
736 2963 781 3011 quo
791 2947 816 2996 ia
827 2948 904 2998 libro!
919 2949 947 3000 J.
959 2949 988 2998 F.
998 2949 1114 2999 Gronov.

725 3091 835 3142 NOTAE

229 3185 474 3250 omnia,uicntapnd
485 3185 590 3235 Latinos
600 3185 756 3236 caerimonia
797 3203 851 3236 cum
870 3195 970 3253 tempus
988 3189 1053 3241 dicit
1071 3191 1181 3254 Gellius,
1191 3191 1235 3241 alii
1250 3193 1327 3242 mtre-

230 3262 369 3312 dieuutur:
385 3261 430 3309 sed
443 3263 496 3325 jam
514 3261 620 3310 abusive
631 3276 703 3310 saera
716 3263 757 3310 Li·
796 3264 879 3323 deum,
889 3266 1005 3314 nonnulli
1016 3267 1094 3316 etiarn
1103 3267 1251 3318 succisivum.

230 3338 285 3387 beri
307 3338 361 3386 sive
384 3337 481 3386 Bacchi
503 3337 574 3401 orgia
595 3343 696 3400 vocent,
716 3338 757 3386 vel
828 3343 943 3405 ‘Cupito
963 3343 1054 3408 emm]
1079 3346 1168 3408 Negat
1190 3351 1274 3395 tamen
1298 3353 1326 3396 et

229 3409 329 3470 ἂιὺτῆν
346 3410 462 3475 ὀργῆς,ἱά
478 3419 526 3470 ert,
542 3411 694 3476 furorque}
711 3411 757 3462 turb
797 3425 922 3482 pernegat
949 3419 1079 3470 Henricus
1108 3423 1253 3485 Stephanus
1279 3437 1324 3472 ecs

227 3489 276 3536 τᾶν
285 3486 352 3550 δρῶν,
363 3487 389 3535 id
402 3494 451 3548 est,
464 3487 609 3537 montibus!
797 3493 986 3556 quoabubernnu
994 3497 1108 3559 capitum
1115 3497 1206 3566 titulos
1215 3511 1229 3546 a
1239 3498 1326 3548 Gellio

253 3562 404 3612 'Suddeteo
414 3569 437 3611 et
448 3562 628 3612 obeundam
643 3565 757 3628 tempore]
797 3568 905 3630 scriptor
926 3583 997 3618 erue:
1029 3571 1167 3635 multisque
1195 3574 1325 3636 congestis

227 3637 259 3687 ld
271 3646 321 3700 eat,
329 3647 688 3702 temporasupervueunea,et
700 3656 757 3704 quae
797 3642 888 3702 titulis,
898 3643 941 3708 qui
952 3646 992 3693 vel
1002 3647 1100 3711 inepte,
1112 3649 1151 3696 rel
1163 3662 1323 3713 nequaqnam

228 3713 355 3762 subducta
368 3712 445 3762 rebus
457 3713 538 3775 megia
552 3713 625 3761 sertis
637 3715 757 3764 videntur
797 3720 891 3783 cupitis
900 3735 1023 3772 summurn
1038 3724 1171 3790 exhibent,
1180 3725 1206 3776 id
1218 3726 1323 3778 contin·

228 3809 286 3845 ease
303 3794 374 3860 quasi
391 3791 497 3844 secundi
514 3792 619 3844 ordinis·
651 3793 756 3846 Subrisi·
797 3795 969 3846 cerenititur.
