3076 4866
582 390 705 442 ruunx
731 395 912 448 partuum,
1017 471 1020 480 Ι
1248 393 1292 462 tit

224 533 250 578 t.
265 527 357 578 verba
378 529 435 582 baso
455 541 489 580 ex
512 529 603 582 Atinia
620 533 688 598 lege,
705 548 790 588 uuou.
807 551 981 591 suuunnrura.
999 549 1072 594 surr.
1092 557 1163 598 arus.
1180 561 1238 600 aar.
1254 565 1292 602 at·

188 621 295 659 naara.
313 623 490 662 numentana.
507 623 580 664 arro.
614 615 645 666 P.
660 616 765 680 Nigidio
777 626 805 670 et
817 620 852 672 Q.
868 620 991 673 Soaesole
1003 626 1059 676 visa
1068 641 1125 678 aare
1139 643 1191 679 non
1208 633 1291 684 minna

191 687 225 736 da
236 691 372 752 praeterito
382 692 463 756 l'urto,
477 708 552 758 quam
565 694 598 744 de
609 693 699 746 tuturo
708 701 817 750 cavisse.

222 773 248 817 8.
265 769 298 820 Iu
307 771 467 822 sermonibus
479 773 547 837 apud
558 789 673 825 mensam
684 779 763 828 Tauri
775 780 926 846 Philosophi
938 787 1020 850 quatri
1039 788 1183 855 agitarique
1202 793 1290 856 bojoa-

189 848 357 908 madianiten,
370 867 418 902 our
428 854 512 904 oleum
525 869 595 919 saepe
606 862 635 906 et
643 855 728 922 facile,
740 860 800 910 vina
811 863 894 914 rarius
906 868 1099 932 congelascent,
1109 880 1210 922 acetum
1222 875 1291 924 band

190 927 246 978 sere
262 945 384 998 uuquam,
394 941 422 984 et
433 935 502 1000 quod
514 949 587 1001 aquae
598 935 733 990 fluviorum
745 939 905 1010 fontiumque
916 946 1053 1013 durentur,
1068 963 1139 1000 mara
1158 953 1218 1016 gelo
1237 969 1289 1006 uon

189 1007 308 1062 duntur.

221 1095 247 1140 9.
267 1093 312 1142 De
332 1095 401 1144 notis
412 1095 554 1161 literarum,
569 1112 627 1164 qum
649 1101 677 1152 in
700 1105 729 1156 c.
741 1105 851 1156 Cereris
863 1107 988 1172 Epistoiis
1010 1113 1187 1176 reperiantur,
1203 1115 1289 1182 daque

188 1171 247 1220 aliia
266 1173 433 1226 clandestinis
455 1178 538 1229 literis
558 1194 592 1230 ex
614 1189 702 1234 vetere
723 1185 830 1238 historia
849 1175 953 1253 petitio:
979 1197 1007 1240 et
1026 1192 1087 1257 quid
1103 1195 1238 1258 ‘scytale‘
1255 1199 1290 1249 sit

188 1252 355 1306 ‘baronium’

221 1338 260 1383 ld.
277 1335 346 1387 Quid
359 1336 391 1387 de
403 1339 519 1390 versibus
530 1341 632 1406 Virgilii
642 1345 786 1397 Favorinus
796 1349 961 1420 ealstimarit‚
978 1353 1070 1418 quibus
1081 1355 1108 1405 in
1119 1355 1288 1410 describenda

188 1413 326 1478 flagrantia
337 1419 432 1468 montis
442 1420 526 1471 AEtnae
537 1422 678 1476 Pindarum
690 1428 793 1491 politam
803 1439 907 1482 secutus
918 1439 975 1486 est:
986 1436 1133 1501 collataque
1149 1437 1182 1488 ab
1200 1453 1232 1488 eo
1246 1454 1288 1490 au-

185 1509 237 1558 per
245 1497 335 1546 eadem
348 1513 375 1546 re
387 1501 520 1566 utriusque
531 1505 646 1556 carmina
655 1515 683 1558 et
694 1507 844 1572 dijudicata

221 1581 262 1626 rt.
280 1579 357 1630 Quod
368 1579 524 1632 Plutarchus
542 1585 568 1634 iu
589 1586 661 1636 libria
679 1587 851 1652 Symposiacis
862 1592 1009 1656 opinionem
1021 1594 1139 1647 Platonis
1151 1597 1184 1648 de
1194 1598 1286 1650 habita

80 1669 84 1674 ·
185 1665 267 1721 atque
278 1666 370 1708 natura
380 1664 506 1713 stomachi
518 1663 666 1732 fiatulaeqne
687 1670 743 1734 ejus
762 1685 820 1734 quae
837 1675 938 1736 τραχεῖα
953 1674 1057 1736 dicitur,
1073 1677 1209 1728 adversum
1221 1680 1286 1729 Era·

184 1737 320 1790 aiatratuur
340 1741 468 1794 medicum
489 1751 588 1797 tutatus
606 1755 647 1798 est
668 1750 825 1802 auctoritato
840 1753 956 1805 adbibita
967 1755 1067 1820 antiqui
1077 1757 1171 1808 mediol
1183 1757 1285 1824 Hippo·

185 1819 275 1870 cratis.

222 1903 262 1950 12.
279 1901 323 1950 De
333 1903 449 1954 materiis
460 1904 682 1976 intantumque
691 1911 777 1963 Gratti
788 1912 881 1976 dalton
890 1916 1033 1980 appellant,
1045 1931 1061 1966 a
1071 1917 1199 1970 Favorino
1210 1933 1286 1969 eaer-

184 1979 261 2029 cendi
271 1983 357 2046 attha
368 1983 516 2048 disputatis.

218 2065 258 2112 ta.
274 2063 382 2125 ‘Quin’
399 2066 528 2130 particula
544 2073 607 2133 quot
624 2072 765 2136 quaterque
777 2073 918 2124 varietates
929 2074 1126 2140 significationis
1137 2078 1240 2142 lrabeat,
1256 2087 1284 2132 et

184 2155 261 2206 quatu
271 2157 341 2208 aaepe
352 2145 380 2193 in
390 2145 516 2197 Veterum
528 2149 633 2212 scriptia
643 2150 754 2202 obseura
764 2154 807 2202 ait.

218 2225 258 2274 tt.
275 2223 418 2275 Sententiae
430 2239 464 2276 ea
474 2226 564 2278 Publii
576 2230 659 2280 mimis
670 2233 776 2284 selectu
792 2235 940 2299 lepidium.

217 2305 258 2352 li.
274 2304 351 2357 Quod
363 2306 512 2358 Carneadea
523 2307 697 2362 Auadomiour
709 2314 825 2366 elleboro
837 2317 997 2367 stomachum
1009 2317 1129 2382 purgarit
1140 2319 1283 2384 scripturus

184 2382 308 2435 adversar
320 2385 432 2436 Zenonis
443 2387 526 2439 Stoici
538 2390 660 2444 decreta:
677 2393 761 2460 deqna
779 2402 874 2446 natura
891 2397 1044 2462 medelaque
1058 2399 1168 2450 ellebori
1179 2399 1283 2452 candidi

184 2469 213 2512 et
225 2463 301 2527 nigri.

217 2548 256 2595 lti.
272 2544 371 2596 Anates
391 2546 516 2598 Pontion
535 2550 587 2600 rim
609 2549 706 2602 habere
726 2556 833 2606 tenonis
852 2557 1018 2622 deterqeudia
1037 2565 1187 2622 potentem:
1204 2567 1281 2627 atqua

183 2626 247 2676 nihi
260 2625 293 2674 de
304 2626 452 2678 Mithridati
464 2630 530 2691 regia
542 2629 567 2678 in
579 2629 604 2679 id
616 2645 697 2694 genus
709 2633 905 2687 medicamentis
916 2637 1030 2689 solertia.

215 2709 255 2756 tr.
272 2707 450 2758 Mithridatem
463 2709 541 2760 Ponti
554 2725 640 2775 regern
652 2713 766 2780 quinqua
778 2721 805 2766 et
817 2717 907 2780 viginti
918 2717 1033 2781 gentiunt
1050 2718 1280 2782 linguirtocutoro,

182 2790 360 2856 Quintumque
370 2791 480 2842 Ennium
501 2793 553 2842 tria
571 2794 651 2845 corda
668 2793 765 2862 babere
783 2812 811 2848 re
834 2797 940 2862 dixisse,
958 2799 1027 2864 quod
1047 2807 1100 2850 tres
1111 2800 1210 2864 linguar
1221 2815 1279 2866 par·

181 2871 325 2934 palluisset,
336 2871 468 2934 Groeoam,
479 2871 587 2936 Oroam,
598 2875 728 2928 Latinam.

213 2955 253 3001 18.
270 2951 348 3005 Quod
367 2953 407 3002 hl.
417 2954 502 3004 Varro
517 2955 547 3004 C.
563 2954 712 3006 Sallustium
729 2955 846 3007 historiae
864 2959 1019 3022 scriptorem
1037 2959 1225 3022 deprehensum
1245 2961 1279 3012 ab

180 3030 268 3080 Annio
289 3032 390 3082 Milone
411 3033 438 3082 in
459 3033 587 3084 adulterio
608 3037 709 3102 scribit,
724 3045 752 3088 et
773 3039 835 3088 loris
857 3053 961 3099 aarum,
978 3039 1138 3104 pecuniaque
1158 3037 1219 3090 dota
1241 3041 1278 3090 di·

179 3125 297 3161 missum.
379 3153 381 3158 .

212 3195 252 3241 te.
268 3192 336 3242 Quid
345 3193 483 3257 Epictetus
494 3193 659 3258 philosophus
671 3195 759 3246 diuers
770 3197 861 3248 solitus
871 3197 906 3248 ait
917 3197 1062 3248 homiuibus
1073 3213 1182 3265 nequam
1193 3207 1221 3252 et
1231 3201 1276 3252 im·

179 3271 250 3335 potia
261 3271 408 3337 disciplinas
419 3275 586 3339 philosophia
598 3276 713 3326 studiose
725 3279 912 3330 tractantibus:
929 3287 957 3330 et
967 3293 1025 3344 quse
1037 3279 1088 3330 duo
1099 3281 1179 3331 rerba
1189 3282 1277 3332 obaer-

178 3353 264 3403 randa
275 3355 433 3418 praeueperit
444 3357 556 3406 omniurn
568 3371 653 3406 rerum
665 3359 742 3422 louge
753 3359 875 3408 salubria.

209 3435 250 3482 2⁰.
267 3434 355 3484 Verba
365 3441 450 3486 sumta
460 3449 494 3486 ox
504 3437 640 3501 Symposio
655 3438 774 3488 Plutonia
792 3439 902 3488 numeris
914 3440 1126 3505 coagmentisque
1139 3440 1275 3490 verborum

176 3512 252 3574 acite,
263 3513 405 3577 modulate,
416 3523 530 3580 apteque
542 3519 680 3568 exercendi
692 3521 778 3584 pratia
789 3519 814 3568 iu
826 3519 943 3569 Latinam
955 3521 1100 3570 orationem
1111 3533 1196 3570 varra.

209 3595 251 3644 at.
268 3593 368 3646 Quibus
378 3595 538 3658 temporibus
551 3605 611 3660 post
623 3599 732 3648 Romam
743 3599 874 3649 euuditatn
891 3599 979 3650 Grteol
991 3599 1152 3665 Romanique
1163 3600 1275 3652 illustres

176 3672 225 3722 riri
236 3672 372 3726 floruerint
384 3682 445 3726 ante
456 3676 598 3727 secundum
611 3675 704 3728 bellum
715 3677 973 3741 Carthaginiensium.

469 3805 642 3856 Commentario
653 3805 822 3856 octavodecimo
831 3806 880 3856 bac
891 3807 982 3860 iamet.

207 3903 231 3950 l.
249 3899 448 3966 Disputationes
461 3917 476 3953 a
487 3902 639 3966 philoropho
655 3902 753 3963 Stoico,
773 3909 802 3952 et
820 3910 912 3954 eontra
931 3919 946 3952 a
963 3903 1155 3967 Peripatetico,
1173 3903 1273 3956 arbitro

174 3979 312 4044 Paroriuo,
329 3979 422 4032 trote:
447 3982 636 4048 quesitumque
658 3983 726 4032 inter
755 3997 817 4045 eos;
843 3989 968 4048 quantum
990 3982 1017 4032 iu
1039 3979 1198 4045 perficienda
1220 3983 1274 4033 sita

174 4058 251 4110 beata
261 4061 346 4111 virtus
358 4061 477 4124 valeret3
495 4070 672 4126 quantumque
682 4069 752 4111 esset
761 4063 788 4110 iu
800 4062 831 4110 iia
843 4077 898 4126 quta
911 4062 1033 4110 dicuntur
1044 4066 1178 4112 extranea.
1317 4119 1321 4127 ⁸

206 4141 229 4190 ².
247 4139 399 4204 Cujusmudi
410 4141 581 4207 quaestionum
593 4141 778 4192 certationibus
787 4141 961 4192 Saturnalicia
980 4139 1080 4190 ludiora
1091 4141 1201 4192 Athenis
1219 4143 1273 4206 agi·

172 4298 353 4358 oblectatoria.
