3076 4866
256 410 300 475 14
634 425 763 473 racour
789 424 972 472 ononovrr

257 573 310 636 vel
325 571 493 655 praecipue
518 560 645 635 dixeris
668 586 743 634 eam
767 563 903 634 minime
925 563 970 633 in'
985 589 1114 636 summa
1141 569 1354 649 laudandam,

254 674 350 759 quod
366 673 519 738 codicem
536 672 750 737 bibliothecae
777 671 897 753 Regiae
916 689 982 735 nou
996 671 1096 736 modo
1111 673 1217 755 sequi,
1235 673 1293 737 sed
1310 693 1354 737 ne

256 775 392 860 quidem
407 775 573 858 inspicere
588 773 795 851 sustinuerit,
818 771 907 836 unde
921 771 1159 840 Praennonam
1172 777 1290 840 maluit
1304 797 1356 840 re-

255 881 339 943 terre
354 875 524 944 sordidam
540 897 583 941 ax
598 877 696 959 nugis
711 877 779 940 illis
804 876 973 940 consuetis
993 875 1146 954 oliorum,
1162 896 1263 959 quam
1277 897 1356 942 vere

257 980 457 1046 Gallianum.
494 978 613 1043 Noluit
625 978 780 1061 accipere
794 977 838 1041 ab
850 975 959 1058 Regio
973 975 1085 1042 Gellio
1099 975 1271 1055 indicium,
1285 999 1355 1062 quo

256 1083 400 1168 posteris
425 1081 562 1145 tradidit
588 1099 610 1144 a
632 1079 833 1163 quibusdam
860 1079 1007 1163 scriptos
1036 1079 1138 1143 libros
1161 1081 1355 1164 appellatos

254 1186 360 1250 fuisse
381 1182 509 1269 Ἀνθηρὰ,
524 1183 693 1268 Εὑρῆματα,
716 1179 857 1267 Λόχνους,
882 1184 1077 1267 Στρωματεῖς,
1097 1179 1253 1262 ‘Etruriam
1277 1191 1355 1268 llpo·

256 1286 397 1368 βλήματα
411 1293 446 1352 et
458 1287 580 1350 similis
594 1285 772 1367 elegantiae
792 1285 908 1350 titulos
929 1284 1028 1362 alios,
1042 1303 1185 1368 quorum
1200 1293 1355 1350 auctores

257 1390 371 1456 Gellio
385 1390 512 1474 priores
527 1387 711 1473 aliquando
726 1388 883 1471 colligere
897 1386 1010 1452 voluit
1024 1385 1138 1464 Pater,
1154 1395 1254 1471 prout
1267 1407 1354 1470 quo-

257 1511 322 1576 que
335 1493 519 1577 Scioppius
544 1489 702 1555 nonnulla
723 1497 895 1555 auctorum
918 1489 1051 1554 uomina
1066 1489 1244 1574 ascripsit:
1277 1511 1354 1574 quae

257 1595 415 1679 quoniam
439 1593 552 1660 Gellio
569 1611 660 1656 nnnc
687 1611 754 1656 non
778 1593 969 1676 proderant,
993 1593 1135 1674 neglexi.
1180 1592 1298 1659 Noluit
1312 1612 1355 1658 ea

256 1717 335 1781 quae
362 1697 494 1764 Gellius
517 1697 654 1763 vocavit
676 1697 789 1780 capita
811 1715 927 1773 rerum,
950 1715 991 1760 ac
1015 1695 1215 1761 Praefationi
1240 1699 1354 1762 statim

257 1801 413 1866 subnecti
438 1801 558 1877 voluit,
585 1799 777 1864 obedienter
798 1818 944 1875 servare,
968 1798 1026 1861 sed
1051 1799 1093 1863 ad
1119 1800 1216 1863 finem
1230 1798 1305 1863 libri
1321 1807 1356 1863 et

255 1901 369 1967 locum
384 1900 554 1967 indicibus
577 1901 779 1966 destinatum
800 1901 911 1964 retulit
934 1900 1049 1964 rresuio
1065 1919 1132 1983 qno
1144 1907 1202 1964 aut
1215 1900 1282 1965 levi
1298 1907 1356 1965 aut

255 2004 369 2089 inepto
384 2009 549 2088 praetextu
562 2025 571 2084 3
593 2023 700 2087 neque
714 2003 802 2066 enim
816 2005 994 2085 nugatoria
1008 2000 1155 2067 iudicum
1170 2001 1353 2066 multitudo

257 2107 374 2171 debuit
389 2105 573 2190 depravare
589 2103 693 2170 Gellii
716 2104 939 2188 propositum.
983 2103 1094 2170 Etiam
1118 2123 1196 2168 cum
1223 2103 1355 2169 Gellius

257 2207 388 2290 Regius
411 2208 513 2292 plene
535 2210 701 2292 exprimat
728 2208 989 2272 ‘Nonodecimo
1016 2207 1254 2272 commentario
1280 2205 1354 2270 haec

257 2311 392 2388 insunt,'
420 2311 478 2375 ille
506 2331 551 2374 ex
580 2310 753 2392 Stephano
776 2310 892 2372 maluit
919 2297 1083 2393 adoptare
1115 2305 1373 2384 Undevicesimo,

256 2413 435 2498 proutJum
459 2412 666 2495 praemiserat
683 2407 943 2474 Duodeoicesimo.
988 2411 1153 2495 Equidem
1176 2412 1209 2474 iu
1234 2409 1354 2477 codice

257 2535 356 2600 quem
372 2514 476 2579 Pater
490 2514 619 2578 indicat
632 2513 736 2579 literis
750 2509 817 2590 Me,
831 2513 910 2595 legit
929 2503 1156 2576 Undevicesimo
1171 2525 1353 2577 conicientu-

258 2615 305 2679 rio
323 2617 359 2679 in
385 2635 427 2680 eo
452 2635 550 2700 quern
573 2635 636 2679 nos
658 2614 821 2679 habemus
846 2629 944 2679 xvrr.
989 2615 1057 2679 Sed
1071 2635 1133 2699 pro
1149 2615 1266 2681 eodem
1283 2617 1353 2682 illic

258 2737 394 2803 qnoque
417 2717 649 2799 Lugdunensis
671 2717 778 2801 major
803 2712 1019 2796 Nonodecimo,
1044 2726 1078 2783 et
1094 2719 1151 2782 ubi
1168 2725 1221 2782 est
1243 2727 1355 2784 noster

258 2837 342 2886 xvr.
357 2821 453 2904 plane
468 2819 571 2883 habet
588 2817 707 2882 Octavo
732 2817 845 2882 decimo
865 2840 970 2882 comm.
990 2821 1077 2886 sicut
1098 2822 1197 2886 etiam
1214 2821 1353 2906 Regius.

257 2922 420 2988 Proiecto
443 2922 560 2986 horum
586 2921 727 2986 duorum
752 2921 906 2986 codicum
928 2923 1159 2987 auctoritatem
1181 2944 1245 2989 nec
1267 2945 1354 3008 prae-

257 3045 395 3109 gravare
420 3025 610 3108 Stephanus
642 3031 768 3108 potest,
792 3043 854 3088 nec
884 3043 1028 3108 aequare.
1074 3025 1174 3104 Haec,
1204 3027 1354 3110 inquam,

258 3127 410 3211 pigretus
434 3127 499 3190 suit
518 3145 707 3208 agnoscere,
735 3147 812 3190 cunr
840 3128 986 3210 ineptias
1010 3128 1173 3210 quasdam
1204 3130 1354 3214 adoptet,

258 3228 373 3292 nescio
387 3247 429 3292 an
445 3227 580 3292 nefariis
605 3228 779 3292 calumniis
804 3229 916 3312 Raph.
941 3229 1091 3294 Fabretti
1112 3251 1226 3296 aurern
1241 3233 1303 3298 bac
1320 3234 1353 3296 in

258 3338 355 3414 parto
377 3331 544 3414 praebens
560 3331 683 3414 quihus
706 3329 862 3395 Salmasii
885 3330 996 3411 fidem,
1016 3353 1117 3415 quam
1134 3341 1263 3398 etanta
1279 3335 1354 3400 Sal-

257 3431 400 3497 masium
423 3431 669 3509 Bourdelotius,
689 3438 722 3496 et
736 3440 816 3514 post
828 3453 905 3497 eum
921 3433 1123 3499 Lumbecius
1138 3435 1354 3502 confirmave-

258 3541 343 3611 rant,
362 3533 514 3597 deludere
534 3534 635 3598 homo
658 3554 761 3598 senex
776 3543 809 3598 et
823 3537 920 3600 morti
935 3537 1107 3618 proximus
1122 3538 1235 3615 voluit,
1257 3540 1354 3621 quasi

258 3655 303 3699 ex
315 3635 445 3700 incerto
461 3635 608 3719 quodam
622 3638 750 3720 optimo
771 3637 859 3701 libro
886 3637 1070 3722 Utopinnaa
1086 3647 1219 3722 utputo
1234 3641 1355 3704 biblio·

259 3737 367 3802 thecae
382 3735 473 3822 (haee
489 3745 565 3801 sunt
581 3737 734 3804 Fabretti
750 3735 868 3824 verba)
881 3742 1065 3818 novaverit,
1081 3741 1169 3804 unde
1185 3743 1287 3806 etiarn
1304 3763 1352 3806 re-

259 3839 341 3902 tinet
365 3835 547 3902 Proustens
572 3857 612 3902 rr.
638 3841 692 3904 22.
714 3861 808 3904 unum
828 3841 1055 3906 meridionalem
1081 3853 1214 3907 uentum.
1260 3845 1352 3923 Quid

260 3940 465 4003 statuemusl
497 3939 595 4005 Certe
619 3961 694 4005 cum
717 3943 748 4006 is
773 3944 848 4026 ipse
869 3951 902 4009 et
927 3943 1164 4008 Praefationem
1190 3955 1355 4027 agnoscat

260 4037 461 4119 Gallianum,
478 4049 512 4106 et
524 4043 559 4106 in
575 4065 617 4108 ea
631 4046 710 4109 citet
730 4047 964 4110 auctoritatem
986 4048 1206 4131 manuscripti
1222 4047 1353 4112 codicis

260 4159 305 4205 ox
319 4142 525 4208 bibliotheca
539 4144 648 4228 Regia
661 4147 760 4231 longe
779 4151 918 4234 optimae
932 4156 1041 4228 notae3
1064 4149 1164 4213 otiam
1180 4151 1261 4214 citet
1276 4169 1354 4232 pro-

258 4243 384 4328 betque
400 4245 581 4331 aliquoties
596 4247 825 4328 Lumbecium,
839 4251 896 4334 qui
912 4250 993 4316 nihil
1015 4251 1080 4316 nisi
1098 4253 1219 4316 existo
1235 4251 1354 4316 codice
