<?xml version="1.0" encoding="UTF-8"?>
<!DOCTYPE html PUBLIC "-//W3C//DTD XHTML 1.0 Transitional//EN"
    "http://www.w3.org/TR/xhtml1/DTD/xhtml1-transitional.dtd">
<html xmlns="http://www.w3.org/1999/xhtml" xml:lang="en" lang="en">
 <head>
  <title>
</title>
<meta http-equiv="Content-Type" content="text/html;charset=utf-8" />
  <meta name='ocr-system' content='tesseract 3.04.00' />
  <meta name='ocr-capabilities' content='ocr_page ocr_carea ocr_par ocr_line ocrx_word'/>
</head>
<body>
  <div class='ocr_page' id='page_1' title='image "auligelliinocte01gellgoog_0057.png"; bbox 0 0 3076 4866; ppageno 0'>
   <div class='ocr_carea' id='block_1_1' title="bbox 398 963 1048 1060">
    <p class='ocr_par' dir='ltr' id='par_1_1' title="bbox 398 963 1048 1060">
     <span class='ocr_line' id='line_1_1' title="bbox 398 963 1048 1060; baseline 0.009 -6"><span class='ocrx_word' id='word_1_1' title='bbox 398 963 637 1056; x_wconf 84' lang='lat' dir='ltr'>INDEX</span> <span class='ocrx_word' id='word_1_2' title='bbox 690 967 1048 1060; x_wconf 86' lang='lat' dir='ltr'><strong>CAPITUM.</strong></span> 
     </span>
    </p>
   </div>
   <div class='ocr_carea' id='block_1_2' title="bbox 581 1253 843 1268">
    <p class='ocr_par' dir='ltr' id='par_1_2' title="bbox 581 1253 843 1268">
     <span class='ocr_line' id='line_1_2' title="bbox 581 1253 843 1268; baseline 0.015 -4"><span class='ocrx_word' id='word_1_3' title='bbox 581 1253 843 1268; x_wconf 46' lang='grc' dir='ltr'><strong>ψ</strong></span> 
     </span>
    </p>
   </div>
   <div class='ocr_carea' id='block_1_3' title="bbox 172 1455 1268 1716">
    <p class='ocr_par' dir='ltr' id='par_1_3' title="bbox 172 1455 1268 1716">
     <span class='ocr_line' id='line_1_3' title="bbox 499 1455 913 1520; baseline 0 -17"><span class='ocrx_word' id='word_1_4' title='bbox 499 1455 670 1506; x_wconf 72' lang='lat' dir='ltr'><strong>Commentario</strong></span> <span class='ocrx_word' id='word_1_5' title='bbox 675 1457 752 1520; x_wconf 80' lang='lat' dir='ltr'><strong>primo</strong></span> <span class='ocrx_word' id='word_1_6' title='bbox 762 1455 813 1504; x_wconf 84' lang='lat' dir='ltr'><strong>boec</strong></span> <span class='ocrx_word' id='word_1_7' title='bbox 823 1455 913 1505; x_wconf 83' lang='lat' dir='ltr'><strong>inruat.</strong></span> 
     </span>
     <span class='ocr_line' id='line_1_4' title="bbox 174 1549 1268 1628; baseline 0.012 -18"><span class='ocrx_word' id='word_1_8' title='bbox 174 1549 252 1615; x_wconf 80' lang='lat' dir='ltr'><strong>Cae.</strong></span> <span class='ocrx_word' id='word_1_9' title='bbox 265 1565 288 1613; x_wconf 91' lang='lat' dir='ltr'><strong>l.</strong></span> <span class='ocrx_word' id='word_1_10' title='bbox 305 1561 395 1612; x_wconf 73' lang='lat' dir='ltr'><strong>Queat</strong></span> <span class='ocrx_word' id='word_1_11' title='bbox 405 1563 573 1626; x_wconf 80' lang='lat' dir='ltr'><strong>proportione</strong></span> <span class='ocrx_word' id='word_1_12' title='bbox 583 1563 728 1628; x_wconf 79' lang='lat' dir='ltr'>quibusque</span> <span class='ocrx_word' id='word_1_13' title='bbox 745 1564 941 1614; x_wconf 74' lang='lat' dir='ltr'><strong>collectionibus</strong></span> <span class='ocrx_word' id='word_1_14' title='bbox 953 1564 1112 1617; x_wconf 74' lang='lat' dir='ltr'><strong>Plutarchus</strong></span> <span class='ocrx_word' id='word_1_15' title='bbox 1131 1568 1268 1623; x_wconf 85' lang='lat' dir='ltr'><strong>ratiocina-</strong></span> 
     </span>
     <span class='ocr_line' id='line_1_5' title="bbox 172 1641 1265 1716; baseline 0.005 -21"><span class='ocrx_word' id='word_1_16' title='bbox 172 1650 230 1695; x_wconf 85' lang='lat' dir='ltr'><strong>tum</strong></span> <span class='ocrx_word' id='word_1_17' title='bbox 251 1656 310 1694; x_wconf 84' lang='lat' dir='ltr'><strong>eoae</strong></span> <span class='ocrx_word' id='word_1_18' title='bbox 332 1641 506 1706; x_wconf 70' lang='lat' dir='ltr'><strong>Pythagoram</strong></span> <span class='ocrx_word' id='word_1_19' title='bbox 528 1643 705 1708; x_wconf 75' lang='lat' dir='ltr'><strong>philosophum</strong></span> <span class='ocrx_word' id='word_1_20' title='bbox 722 1643 818 1693; x_wconf 78' lang='lat' dir='ltr'><strong>dixerit</strong></span> <span class='ocrx_word' id='word_1_21' title='bbox 836 1643 868 1694; x_wconf 88' lang='lat' dir='ltr'><strong>de</strong></span> <span class='ocrx_word' id='word_1_22' title='bbox 885 1646 1127 1709; x_wconf 83' lang='lat' dir='ltr'><strong>comprehendenda</strong></span> <span class='ocrx_word' id='word_1_23' title='bbox 1148 1653 1265 1716; x_wconf 78' lang='lat' dir='ltr'><strong>corporis</strong></span> 
     </span>
    </p>
   </div>
   <div class='ocr_carea' id='block_1_4' title="bbox 173 1720 1267 1873">
    <p class='ocr_par' dir='ltr' id='par_1_4' title="bbox 173 1720 1267 1873">
     <span class='ocr_line' id='line_1_6' title="bbox 173 1720 1099 1790; baseline 0.002 -16"><span class='ocrx_word' id='word_1_24' title='bbox 173 1725 344 1790; x_wconf 85' lang='lat' dir='ltr'><strong>proceritate,</strong></span> <span class='ocrx_word' id='word_1_25' title='bbox 355 1737 408 1788; x_wconf 86' lang='lat' dir='ltr'><strong>qua</strong></span> <span class='ocrx_word' id='word_1_26' title='bbox 418 1720 469 1770; x_wconf 86' lang='lat' dir='ltr'><strong>fuit</strong></span> <span class='ocrx_word' id='word_1_27' title='bbox 481 1721 617 1786; x_wconf 79' lang='lat' dir='ltr'><strong>Herculeo,</strong></span> <span class='ocrx_word' id='word_1_28' title='bbox 628 1738 686 1772; x_wconf 86' lang='lat' dir='ltr'><strong>curn</strong></span> <span class='ocrx_word' id='word_1_29' title='bbox 699 1723 776 1773; x_wconf 81' lang='lat' dir='ltr'><strong>ritant</strong></span> <span class='ocrx_word' id='word_1_30' title='bbox 788 1723 855 1773; x_wconf 83' lang='lat' dir='ltr'><strong>inter</strong></span> <span class='ocrx_word' id='word_1_31' title='bbox 867 1725 982 1774; x_wconf 89' lang='lat' dir='ltr'><strong>bominea</strong></span> <span class='ocrx_word' id='word_1_32' title='bbox 990 1727 1099 1778; x_wconf 77' lang='lat' dir='ltr'><strong>vireret.</strong></span> 
     </span>
     <span class='ocr_line' id='line_1_7' title="bbox 207 1801 1267 1873; baseline 0.005 -18"><span class='ocrx_word' id='word_1_33' title='bbox 207 1811 232 1855; x_wconf 66' lang='grc' dir='ltr'><strong>Β.</strong></span> <span class='ocrx_word' id='word_1_34' title='bbox 250 1803 293 1854; x_wconf 84' lang='grc' dir='ltr'><strong>ΑΙ)</strong></span> <span class='ocrx_word' id='word_1_35' title='bbox 314 1803 420 1854; x_wconf 85' lang='lat' dir='ltr'><strong>Herode</strong></span> <span class='ocrx_word' id='word_1_36' title='bbox 429 1801 520 1852; x_wconf 81' lang='lat' dir='ltr'><strong>Attico</strong></span> <span class='ocrx_word' id='word_1_37' title='bbox 533 1803 605 1853; x_wconf 87' lang='lat' dir='ltr'>C.V.</span> <span class='ocrx_word' id='word_1_38' title='bbox 624 1804 779 1866; x_wconf 80' lang='lat' dir='ltr'><strong>tempeative</strong></span> <span class='ocrx_word' id='word_1_39' title='bbox 802 1805 938 1869; x_wconf 78' lang='lat' dir='ltr'><strong>depromta</strong></span> <span class='ocrx_word' id='word_1_40' title='bbox 955 1807 980 1856; x_wconf 86' lang='lat' dir='ltr'><strong>in</strong></span> <span class='ocrx_word' id='word_1_41' title='bbox 993 1809 1267 1873; x_wconf 84' lang='lat' dir='ltr'><strong>quendamjactabun·</strong></span> 
     </span>
    </p>
   </div>
   <div class='ocr_carea' id='block_1_5' title="bbox 76 1882 1266 1954">
    <p class='ocr_par' dir='ltr' id='par_1_5' title="bbox 76 1882 1266 1954">
     <span class='ocr_line' id='line_1_8' title="bbox 76 1882 1266 1954; baseline 0.005 -19"><span class='ocrx_word' id='word_1_42' title='bbox 76 1911 80 1919; x_wconf 51' lang='grc' dir='ltr'><em>ι</em></span> <span class='ocrx_word' id='word_1_43' title='bbox 172 1885 236 1936; x_wconf 84' lang='lat' dir='ltr'><strong>dnm</strong></span> <span class='ocrx_word' id='word_1_44' title='bbox 258 1892 286 1934; x_wconf 89' lang='lat' dir='ltr'><strong>et</strong></span> <span class='ocrx_word' id='word_1_45' title='bbox 304 1885 441 1948; x_wconf 71' lang='lat' dir='ltr'><strong>gloriosum</strong></span> <span class='ocrx_word' id='word_1_46' title='bbox 461 1882 660 1942; x_wconf 72' lang='lat' dir='ltr'><strong>adolescentem,</strong></span> <span class='ocrx_word' id='word_1_47' title='bbox 680 1885 766 1948; x_wconf 86' lang='lat' dir='ltr'><strong>rpccie</strong></span> <span class='ocrx_word' id='word_1_48' title='bbox 788 1892 886 1935; x_wconf 77' lang='lat' dir='ltr'><strong>tanturm</strong></span> <span class='ocrx_word' id='word_1_49' title='bbox 905 1887 1072 1951; x_wconf 81' lang='lat' dir='ltr'><strong>pbiloropbiae</strong></span> <span class='ocrx_word' id='word_1_50' title='bbox 1099 1897 1266 1954; x_wconf 73' lang='lat' dir='ltr'><strong>sectatorem,</strong></span> 
     </span>
    </p>
   </div>
   <div class='ocr_carea' id='block_1_6' title="bbox 169 1964 1266 4357">
    <p class='ocr_par' dir='ltr' id='par_1_6' title="bbox 171 1964 1266 2111">
     <span class='ocr_line' id='line_1_9' title="bbox 173 1964 1266 2036; baseline 0.007 -22"><span class='ocrx_word' id='word_1_51' title='bbox 173 1966 257 2016; x_wconf 79' lang='lat' dir='ltr'><strong>rerba</strong></span> <span class='ocrx_word' id='word_1_52' title='bbox 271 1966 386 2029; x_wconf 81' lang='lat' dir='ltr'><strong>Epicteti</strong></span> <span class='ocrx_word' id='word_1_53' title='bbox 405 1965 495 2028; x_wconf 83' lang='lat' dir='ltr'><strong>Stoici,</strong></span> <span class='ocrx_word' id='word_1_54' title='bbox 505 1965 596 2030; x_wconf 84' lang='lat' dir='ltr'><strong>quibua</strong></span> <span class='ocrx_word' id='word_1_55' title='bbox 607 1964 736 2016; x_wconf 73' lang='lat' dir='ltr'><strong>festiviter</strong></span> <span class='ocrx_word' id='word_1_56' title='bbox 748 1982 763 2016; x_wconf 94' lang='lat' dir='ltr'><strong>a</strong></span> <span class='ocrx_word' id='word_1_57' title='bbox 775 1981 836 2016; x_wconf 82' lang='lat' dir='ltr'><strong>vero</strong></span> <span class='ocrx_word' id='word_1_58' title='bbox 851 1967 940 2018; x_wconf 85' lang='lat' dir='ltr'><strong>Stoico</strong></span> <span class='ocrx_word' id='word_1_59' title='bbox 950 1969 1064 2032; x_wconf 80' lang='lat' dir='ltr'><strong>rejunxit</strong></span> <span class='ocrx_word' id='word_1_60' title='bbox 1076 1969 1166 2034; x_wconf 70' lang='lat' dir='ltr'><strong>vulgar</strong></span> <span class='ocrx_word' id='word_1_61' title='bbox 1178 1971 1266 2036; x_wconf 82' lang='lat' dir='ltr'><strong>loqur·</strong></span> 
     </span>
     <span class='ocr_line' id='line_1_10' title="bbox 171 2047 815 2111; baseline -0.003 -14"><span class='ocrx_word' id='word_1_62' title='bbox 171 2047 241 2097; x_wconf 70' lang='lat' dir='ltr'><strong>dam</strong></span> <span class='ocrx_word' id='word_1_63' title='bbox 251 2047 416 2108; x_wconf 84' lang='lat' dir='ltr'><strong>nebulonum,</strong></span> <span class='ocrx_word' id='word_1_64' title='bbox 425 2047 468 2111; x_wconf 90' lang='lat' dir='ltr'><strong>qui</strong></span> <span class='ocrx_word' id='word_1_65' title='bbox 480 2062 507 2096; x_wconf 84' lang='lat' dir='ltr'><strong>re</strong></span> <span class='ocrx_word' id='word_1_66' title='bbox 517 2047 620 2096; x_wconf 82' lang='lat' dir='ltr'><strong>Stoicos</strong></span> <span class='ocrx_word' id='word_1_67' title='bbox 628 2054 815 2110; x_wconf 74' lang='lat' dir='ltr'><strong>nuncuparent.</strong></span> 
     </span>
    </p>

    <p class='ocr_par' dir='ltr' id='par_1_7' title="bbox 172 2125 1266 2431">
     <span class='ocr_line' id='line_1_11' title="bbox 206 2125 1266 2195; baseline 0.006 -20"><span class='ocrx_word' id='word_1_68' title='bbox 206 2130 232 2175; x_wconf 70' lang='lat' dir='ltr'><strong>a.</strong></span> <span class='ocrx_word' id='word_1_69' title='bbox 250 2126 326 2178; x_wconf 81' lang='lat' dir='ltr'><strong>Quod</strong></span> <span class='ocrx_word' id='word_1_70' title='bbox 346 2125 419 2176; x_wconf 87' lang='lat' dir='ltr'><strong>Cbilo</strong></span> <span class='ocrx_word' id='word_1_71' title='bbox 432 2125 642 2176; x_wconf 63' lang='lat' dir='ltr'><strong>lacedemoniae</strong></span> <span class='ocrx_word' id='word_1_72' title='bbox 660 2127 791 2177; x_wconf 74' lang='lat' dir='ltr'><strong>consilinm</strong></span> <span class='ocrx_word' id='word_1_73' title='bbox 811 2141 907 2190; x_wconf 82' lang='lat' dir='ltr'><strong>accept</strong></span> <span class='ocrx_word' id='word_1_74' title='bbox 927 2141 974 2191; x_wconf 90' lang='lat' dir='ltr'><strong>pro</strong></span> <span class='ocrx_word' id='word_1_75' title='bbox 992 2129 1075 2178; x_wconf 85' lang='lat' dir='ltr'><strong>ralrrte</strong></span> <span class='ocrx_word' id='word_1_76' title='bbox 1094 2129 1167 2179; x_wconf 90' lang='lat' dir='ltr'><strong>amici</strong></span> <span class='ocrx_word' id='word_1_77' title='bbox 1178 2133 1266 2195; x_wconf 88' lang='lat' dir='ltr'><strong>cepit;</strong></span> 
     </span>
     <span class='ocr_line' id='line_1_12' title="bbox 173 2205 1266 2272; baseline 0.004 -16"><span class='ocrx_word' id='word_1_78' title='bbox 173 2206 297 2271; x_wconf 78' lang='lat' dir='ltr'><strong>quudqtre</strong></span> <span class='ocrx_word' id='word_1_79' title='bbox 318 2214 359 2256; x_wconf 87' lang='lat' dir='ltr'><strong>ert</strong></span> <span class='ocrx_word' id='word_1_80' title='bbox 376 2205 563 2269; x_wconf 87' lang='lat' dir='ltr'><strong>circumapecte</strong></span> <span class='ocrx_word' id='word_1_81' title='bbox 575 2213 603 2256; x_wconf 92' lang='lat' dir='ltr'><strong>et</strong></span> <span class='ocrx_word' id='word_1_82' title='bbox 614 2206 688 2256; x_wconf 83' lang='lat' dir='ltr'><strong>anxie</strong></span> <span class='ocrx_word' id='word_1_83' title='bbox 700 2205 924 2265; x_wconf 79' lang='lat' dir='ltr'><strong>conciderundnm,</strong></span> <span class='ocrx_word' id='word_1_84' title='bbox 935 2221 968 2256; x_wconf 87' lang='lat' dir='ltr'><strong>an</strong></span> <span class='ocrx_word' id='word_1_85' title='bbox 980 2221 1027 2272; x_wconf 91' lang='lat' dir='ltr'><strong>pro</strong></span> <span class='ocrx_word' id='word_1_86' title='bbox 1039 2209 1195 2259; x_wconf 86' lang='lat' dir='ltr'><strong>utilitatibua</strong></span> <span class='ocrx_word' id='word_1_87' title='bbox 1206 2213 1266 2260; x_wconf 89' lang='lat' dir='ltr'><strong>ami·</strong></span> 
     </span>
     <span class='ocr_line' id='line_1_13' title="bbox 172 2287 1265 2354; baseline 0.005 -18"><span class='ocrx_word' id='word_1_88' title='bbox 172 2301 262 2336; x_wconf 84' lang='lat' dir='ltr'><strong>corum</strong></span> <span class='ocrx_word' id='word_1_89' title='bbox 274 2287 474 2350; x_wconf 85' lang='lat' dir='ltr'><strong>delinquendum</strong></span> <span class='ocrx_word' id='word_1_90' title='bbox 486 2287 624 2351; x_wconf 88' lang='lat' dir='ltr'><strong>aliquando</strong></span> <span class='ocrx_word' id='word_1_91' title='bbox 640 2288 686 2338; x_wconf 86' lang='lat' dir='ltr'><strong>ait:</strong></span> <span class='ocrx_word' id='word_1_92' title='bbox 705 2293 845 2351; x_wconf 84' lang='lat' dir='ltr'><strong>notataque</strong></span> <span class='ocrx_word' id='word_1_93' title='bbox 862 2287 925 2338; x_wconf 90' lang='lat' dir='ltr'><strong>inibi</strong></span> <span class='ocrx_word' id='word_1_94' title='bbox 938 2295 966 2337; x_wconf 91' lang='lat' dir='ltr'><strong>et</strong></span> <span class='ocrx_word' id='word_1_95' title='bbox 985 2289 1067 2338; x_wconf 88' lang='lat' dir='ltr'><strong>relata</strong></span> <span class='ocrx_word' id='word_1_96' title='bbox 1078 2305 1135 2354; x_wconf 80' lang='lat' dir='ltr'><strong>qnae</strong></span> <span class='ocrx_word' id='word_1_97' title='bbox 1147 2297 1175 2340; x_wconf 88' lang='lat' dir='ltr'><strong>et</strong></span> <span class='ocrx_word' id='word_1_98' title='bbox 1185 2291 1265 2340; x_wconf 87' lang='lat' dir='ltr'><strong>Tbco·</strong></span> 
     </span>
     <span class='ocr_line' id='line_1_14' title="bbox 172 2365 840 2431; baseline -0.001 -16"><span class='ocrx_word' id='word_1_99' title='bbox 172 2367 295 2431; x_wconf 83' lang='lat' dir='ltr'><strong>pbrartua</strong></span> <span class='ocrx_word' id='word_1_100' title='bbox 307 2373 335 2417; x_wconf 90' lang='lat' dir='ltr'><strong>et</strong></span> <span class='ocrx_word' id='word_1_101' title='bbox 345 2367 385 2415; x_wconf 82' lang='lat' dir='ltr'><strong>M.</strong></span> <span class='ocrx_word' id='word_1_102' title='bbox 395 2365 488 2416; x_wconf 86' lang='lat' dir='ltr'><strong>Cicero</strong></span> <span class='ocrx_word' id='word_1_103' title='bbox 499 2380 577 2429; x_wconf 83' lang='lat' dir='ltr'><strong>ruper</strong></span> <span class='ocrx_word' id='word_1_104' title='bbox 588 2381 620 2416; x_wconf 88' lang='lat' dir='ltr'><strong>ea</strong></span> <span class='ocrx_word' id='word_1_105' title='bbox 631 2381 659 2416; x_wconf 86' lang='lat' dir='ltr'><strong>re</strong></span> <span class='ocrx_word' id='word_1_106' title='bbox 671 2367 840 2430; x_wconf 85' lang='lat' dir='ltr'><strong>acripaerout.</strong></span> 
     </span>
    </p>

    <p class='ocr_par' dir='ltr' id='par_1_8' title="bbox 172 2444 1265 2590">
     <span class='ocr_line' id='line_1_15' title="bbox 203 2444 1265 2510; baseline 0.004 -14"><span class='ocrx_word' id='word_1_107' title='bbox 203 2451 230 2496; x_wconf 79' lang='grc'><strong>4.</strong></span> <span class='ocrx_word' id='word_1_108' title='bbox 247 2448 330 2499; x_wconf 78' lang='lat' dir='ltr'><strong>Quam</strong></span> <span class='ocrx_word' id='word_1_109' title='bbox 346 2445 459 2496; x_wconf 85' lang='lat' dir='ltr'><strong>tenuiter</strong></span> <span class='ocrx_word' id='word_1_110' title='bbox 476 2447 628 2510; x_wconf 85' lang='lat' dir='ltr'><strong>caricaeque</strong></span> <span class='ocrx_word' id='word_1_111' title='bbox 643 2446 818 2510; x_wconf 77' lang='lat' dir='ltr'><strong>exploraverit</strong></span> <span class='ocrx_word' id='word_1_112' title='bbox 833 2444 961 2497; x_wconf 82' lang='lat' dir='ltr'><strong>Antoniur</strong></span> <span class='ocrx_word' id='word_1_113' title='bbox 971 2448 1091 2500; x_wconf 87' lang='lat' dir='ltr'><strong>Juliauua</strong></span> <span class='ocrx_word' id='word_1_114' title='bbox 1110 2451 1137 2500; x_wconf 91' lang='lat' dir='ltr'><strong>in</strong></span> <span class='ocrx_word' id='word_1_115' title='bbox 1149 2451 1265 2502; x_wconf 88' lang='lat' dir='ltr'><strong>oratione</strong></span> 
     </span>
     <span class='ocr_line' id='line_1_16' title="bbox 172 2527 711 2590; baseline 0.004 -14"><span class='ocrx_word' id='word_1_116' title='bbox 172 2528 214 2577; x_wconf 87' lang='grc' dir='ltr'><strong>Μ.</strong></span> <span class='ocrx_word' id='word_1_117' title='bbox 223 2527 298 2576; x_wconf 83' lang='grc' dir='ltr'>ΤιιΙΙίἰ</span> <span class='ocrx_word' id='word_1_118' title='bbox 306 2527 377 2576; x_wconf 84' lang='lat' dir='ltr'><strong>verbi</strong></span> <span class='ocrx_word' id='word_1_119' title='bbox 389 2527 422 2576; x_wconf 89' lang='lat' dir='ltr'><strong>ab</strong></span> <span class='ocrx_word' id='word_1_120' title='bbox 433 2543 464 2576; x_wconf 90' lang='lat' dir='ltr'><strong>eo</strong></span> <span class='ocrx_word' id='word_1_121' title='bbox 475 2528 566 2576; x_wconf 90' lang='lat' dir='ltr'><strong>mutati</strong></span> <span class='ocrx_word' id='word_1_122' title='bbox 576 2527 711 2590; x_wconf 80' lang='lat' dir='ltr'><strong>argutiam.</strong></span> 
     </span>
    </p>

    <p class='ocr_par' dir='ltr' id='par_1_9' title="bbox 169 2607 1264 2914">
     <span class='ocr_line' id='line_1_17' title="bbox 205 2607 1264 2673; baseline 0.007 -17"><span class='ocrx_word' id='word_1_123' title='bbox 205 2613 231 2657; x_wconf 78' lang='lat' dir='ltr'><strong>b.</strong></span> <span class='ocrx_word' id='word_1_124' title='bbox 248 2607 324 2660; x_wconf 80' lang='lat' dir='ltr'><strong>Quod</strong></span> <span class='ocrx_word' id='word_1_125' title='bbox 337 2608 526 2659; x_wconf 85' lang='lat' dir='ltr'><strong>Demuatbeaer</strong></span> <span class='ocrx_word' id='word_1_126' title='bbox 536 2608 623 2658; x_wconf 86' lang='lat' dir='ltr'><strong>rbetor</strong></span> <span class='ocrx_word' id='word_1_127' title='bbox 634 2609 706 2658; x_wconf 91' lang='lat' dir='ltr'><strong>cultu</strong></span> <span class='ocrx_word' id='word_1_128' title='bbox 714 2609 830 2671; x_wconf 75' lang='lat' dir='ltr'><strong>corporis</strong></span> <span class='ocrx_word' id='word_1_129' title='bbox 841 2615 920 2673; x_wconf 86' lang='lat' dir='ltr'><strong>atque</strong></span> <span class='ocrx_word' id='word_1_130' title='bbox 937 2609 1032 2659; x_wconf 72' lang='lat' dir='ltr'><strong>renutu</strong></span> <span class='ocrx_word' id='word_1_131' title='bbox 1045 2611 1264 2673; x_wconf 84' lang='lat' dir='ltr'><strong>probriacbnoaio</strong></span> 
     </span>
     <span class='ocr_line' id='line_1_18' title="bbox 172 2685 1262 2754; baseline 0.002 -16"><span class='ocrx_word' id='word_1_132' title='bbox 172 2685 317 2752; x_wconf 70' lang='lat' dir='ltr'><strong>internique</strong></span> <span class='ocrx_word' id='word_1_133' title='bbox 338 2689 469 2740; x_wconf 86' lang='lat' dir='ltr'><strong>mundicia</strong></span> <span class='ocrx_word' id='word_1_134' title='bbox 489 2687 557 2750; x_wconf 83' lang='lat' dir='ltr'><strong>fuit;</strong></span> <span class='ocrx_word' id='word_1_135' title='bbox 579 2688 700 2754; x_wconf 80' lang='lat' dir='ltr'><strong>qnodque</strong></span> <span class='ocrx_word' id='word_1_136' title='bbox 718 2690 781 2739; x_wconf 86' lang='lat' dir='ltr'><strong>item</strong></span> <span class='ocrx_word' id='word_1_137' title='bbox 800 2690 955 2740; x_wconf 85' lang='lat' dir='ltr'><strong>liortenrina</strong></span> <span class='ocrx_word' id='word_1_138' title='bbox 973 2698 1062 2740; x_wconf 89' lang='lat' dir='ltr'><strong>oratur</strong></span> <span class='ocrx_word' id='word_1_139' title='bbox 1083 2690 1117 2740; x_wconf 90' lang='lat' dir='ltr'><strong>ob</strong></span> <span class='ocrx_word' id='word_1_140' title='bbox 1137 2691 1262 2754; x_wconf 74' lang='lat' dir='ltr'><strong>ejusmodi</strong></span> 
     </span>
     <span class='ocr_line' id='line_1_19' title="bbox 172 2769 1264 2836; baseline 0.005 -19"><span class='ocrx_word' id='word_1_141' title='bbox 172 2769 320 2820; x_wconf 79' lang='lat' dir='ltr'><strong>mundicias</strong></span> <span class='ocrx_word' id='word_1_142' title='bbox 331 2778 483 2834; x_wconf 76' lang='lat' dir='ltr'><strong>gestumque</strong></span> <span class='ocrx_word' id='word_1_143' title='bbox 502 2771 527 2819; x_wconf 88' lang='lat' dir='ltr'><strong>in</strong></span> <span class='ocrx_word' id='word_1_144' title='bbox 540 2770 640 2834; x_wconf 76' lang='lat' dir='ltr'><strong>agendo</strong></span> <span class='ocrx_word' id='word_1_145' title='bbox 651 2771 828 2821; x_wconf 86' lang='lat' dir='ltr'><strong>biatrionicum</strong></span> <span class='ocrx_word' id='word_1_146' title='bbox 846 2771 979 2834; x_wconf 83' lang='lat' dir='ltr'><strong>Dionyaiee</strong></span> <span class='ocrx_word' id='word_1_147' title='bbox 991 2771 1159 2820; x_wconf 81' lang='lat' dir='ltr'><strong>aaltatriculae</strong></span> <span class='ocrx_word' id='word_1_148' title='bbox 1171 2785 1264 2836; x_wconf 72' lang='lat' dir='ltr'><strong>cogno·</strong></span> 
     </span>
     <span class='ocr_line' id='line_1_20' title="bbox 169 2851 500 2914; baseline 0.003 -15"><span class='ocrx_word' id='word_1_149' title='bbox 169 2856 262 2900; x_wconf 85' lang='lat' dir='ltr'><strong>mente</strong></span> <span class='ocrx_word' id='word_1_150' title='bbox 272 2851 440 2914; x_wconf 81' lang='lat' dir='ltr'><strong>compellatur</strong></span> <span class='ocrx_word' id='word_1_151' title='bbox 452 2857 500 2900; x_wconf 85' lang='lat' dir='ltr'><strong>eat.</strong></span> 
     </span>
    </p>

    <p class='ocr_par' dir='ltr' id='par_1_10' title="bbox 172 2927 1266 3155">
     <span class='ocr_line' id='line_1_21' title="bbox 204 2927 1264 2997; baseline 0.002 -17"><span class='ocrx_word' id='word_1_152' title='bbox 204 2934 231 2980; x_wconf 82' lang='lat' dir='ltr'><strong>a.</strong></span> <span class='ocrx_word' id='word_1_153' title='bbox 246 2928 333 2978; x_wconf 82' lang='lat' dir='ltr'><strong>Verba</strong></span> <span class='ocrx_word' id='word_1_154' title='bbox 341 2943 373 2978; x_wconf 86' lang='lat' dir='ltr'><strong>ex</strong></span> <span class='ocrx_word' id='word_1_155' title='bbox 385 2930 501 2979; x_wconf 86' lang='lat' dir='ltr'><strong>oratione</strong></span> <span class='ocrx_word' id='word_1_156' title='bbox 511 2930 613 2979; x_wconf 84' lang='lat' dir='ltr'><strong>Metelli</strong></span> <span class='ocrx_word' id='word_1_157' title='bbox 623 2927 766 2991; x_wconf 84' lang='lat' dir='ltr'><strong>Numidici,</strong></span> <span class='ocrx_word' id='word_1_158' title='bbox 777 2943 852 2993; x_wconf 81' lang='lat' dir='ltr'><strong>quant</strong></span> <span class='ocrx_word' id='word_1_159' title='bbox 863 2929 929 2978; x_wconf 86' lang='lat' dir='ltr'><strong>dixit</strong></span> <span class='ocrx_word' id='word_1_160' title='bbox 937 2929 963 2978; x_wconf 90' lang='lat' dir='ltr'><strong>iu</strong></span> <span class='ocrx_word' id='word_1_161' title='bbox 972 2944 1080 2980; x_wconf 87' lang='lat' dir='ltr'><strong>cenaura</strong></span> <span class='ocrx_word' id='word_1_162' title='bbox 1089 2932 1121 2982; x_wconf 91' lang='lat' dir='ltr'><strong>ad</strong></span> <span class='ocrx_word' id='word_1_163' title='bbox 1132 2935 1264 2997; x_wconf 88' lang='lat' dir='ltr'><strong>populum,</strong></span> 
     </span>
     <span class='ocr_line' id='line_1_22' title="bbox 172 3009 1266 3074; baseline 0.003 -14"><span class='ocrx_word' id='word_1_164' title='bbox 172 3025 231 3060; x_wconf 92' lang='lat' dir='ltr'><strong>cum</strong></span> <span class='ocrx_word' id='word_1_165' title='bbox 250 3024 309 3059; x_wconf 88' lang='lat' dir='ltr'><strong>eum</strong></span> <span class='ocrx_word' id='word_1_166' title='bbox 326 3009 358 3058; x_wconf 87' lang='lat' dir='ltr'><strong>ad</strong></span> <span class='ocrx_word' id='word_1_167' title='bbox 371 3023 463 3060; x_wconf 79' lang='lat' dir='ltr'><strong>uxorea</strong></span> <span class='ocrx_word' id='word_1_168' title='bbox 479 3009 610 3058; x_wconf 76' lang='lat' dir='ltr'><strong>ducendae</strong></span> <span class='ocrx_word' id='word_1_169' title='bbox 628 3009 826 3070; x_wconf 79' lang='lat' dir='ltr'><strong>adhortaretur3</strong></span> <span class='ocrx_word' id='word_1_170' title='bbox 844 3022 924 3073; x_wconf 86' lang='lat' dir='ltr'><strong>eaque</strong></span> <span class='ocrx_word' id='word_1_171' title='bbox 935 3009 1017 3058; x_wconf 85' lang='lat' dir='ltr'><strong>oratio</strong></span> <span class='ocrx_word' id='word_1_172' title='bbox 1029 3024 1105 3074; x_wconf 86' lang='lat' dir='ltr'><strong>quam</strong></span> <span class='ocrx_word' id='word_1_173' title='bbox 1116 3011 1149 3061; x_wconf 92' lang='lat' dir='ltr'><strong>ob</strong></span> <span class='ocrx_word' id='word_1_174' title='bbox 1160 3027 1266 3064; x_wconf 83' lang='lat' dir='ltr'><strong>cautam</strong></span> 
     </span>
     <span class='ocr_line' id='line_1_23' title="bbox 172 3088 879 3155; baseline 0 -16"><span class='ocrx_word' id='word_1_175' title='bbox 172 3090 338 3154; x_wconf 85' lang='lat' dir='ltr'><strong>reprebenra,</strong></span> <span class='ocrx_word' id='word_1_176' title='bbox 348 3096 460 3155; x_wconf 83' lang='lat' dir='ltr'><strong>atquem</strong></span> <span class='ocrx_word' id='word_1_177' title='bbox 470 3097 561 3138; x_wconf 89' lang='lat' dir='ltr'><strong>contra</strong></span> <span class='ocrx_word' id='word_1_178' title='bbox 570 3090 596 3140; x_wconf 90' lang='lat' dir='ltr'><strong>in</strong></span> <span class='ocrx_word' id='word_1_179' title='bbox 605 3091 706 3140; x_wconf 85' lang='lat' dir='ltr'><strong>modam</strong></span> <span class='ocrx_word' id='word_1_180' title='bbox 718 3088 825 3138; x_wconf 85' lang='lat' dir='ltr'><strong>defeuaa</strong></span> <span class='ocrx_word' id='word_1_181' title='bbox 836 3091 879 3139; x_wconf 87' lang='lat' dir='ltr'><strong>rit.</strong></span> 
     </span>
    </p>

    <p class='ocr_par' dir='ltr' id='par_1_11' title="bbox 170 3169 1263 3622">
     <span class='ocr_line' id='line_1_24' title="bbox 205 3169 1263 3236; baseline 0.004 -17"><span class='ocrx_word' id='word_1_182' title='bbox 205 3175 231 3220; x_wconf 82' lang='grc'><strong>7.</strong></span> <span class='ocrx_word' id='word_1_183' title='bbox 249 3171 279 3220; x_wconf 92' lang='lat' dir='ltr'><strong>ln</strong></span> <span class='ocrx_word' id='word_1_184' title='bbox 297 3170 368 3219; x_wconf 87' lang='lat' dir='ltr'><strong>biace</strong></span> <span class='ocrx_word' id='word_1_185' title='bbox 379 3170 464 3219; x_wconf 77' lang='lat' dir='ltr'><strong>verbio</strong></span> <span class='ocrx_word' id='word_1_186' title='bbox 481 3170 614 3220; x_wconf 88' lang='lat' dir='ltr'><strong>Ciceronir</strong></span> <span class='ocrx_word' id='word_1_187' title='bbox 627 3184 660 3218; x_wconf 87' lang='lat' dir='ltr'><strong>ex</strong></span> <span class='ocrx_word' id='word_1_188' title='bbox 682 3169 799 3220; x_wconf 85' lang='lat' dir='ltr'><strong>oratione</strong></span> <span class='ocrx_word' id='word_1_189' title='bbox 817 3169 906 3234; x_wconf 85' lang='lat' dir='ltr'><strong>quinta</strong></span> <span class='ocrx_word' id='word_1_190' title='bbox 921 3169 948 3218; x_wconf 91' lang='lat' dir='ltr'><strong>in</strong></span> <span class='ocrx_word' id='word_1_191' title='bbox 965 3170 1084 3236; x_wconf 79' lang='lat' dir='ltr'><strong>Verrem,</strong></span> <span class='ocrx_word' id='word_1_192' title='bbox 1102 3171 1110 3199; x_wconf 88' lang='lat'>‘</span> <span class='ocrx_word' id='word_1_193' title='bbox 1120 3171 1195 3222; x_wconf 88' lang='lat' dir='ltr'><strong>Hanc</strong></span> <span class='ocrx_word' id='word_1_194' title='bbox 1212 3173 1263 3223; x_wconf 88' lang='lat' dir='ltr'><strong>ribi</strong></span> 
     </span>
     <span class='ocr_line' id='line_1_25' title="bbox 172 3249 1263 3316; baseline 0.004 -17"><span class='ocrx_word' id='word_1_195' title='bbox 172 3265 228 3300; x_wconf 87' lang='lat' dir='ltr'><strong>retu</strong></span> <span class='ocrx_word' id='word_1_196' title='bbox 240 3251 362 3314; x_wconf 78' lang='lat' dir='ltr'><strong>praeridio</strong></span> <span class='ocrx_word' id='word_1_197' title='bbox 378 3257 485 3313; x_wconf 87' lang='lat' dir='ltr'><strong>aperaut</strong></span> <span class='ocrx_word' id='word_1_198' title='bbox 503 3249 636 3311; x_wconf 84' lang='lat' dir='ltr'><strong>iuturum‚&#39;</strong></span> <span class='ocrx_word' id='word_1_199' title='bbox 649 3265 733 3314; x_wconf 85' lang='lat' dir='ltr'><strong>neque</strong></span> <span class='ocrx_word' id='word_1_200' title='bbox 745 3249 860 3299; x_wconf 86' lang='lat' dir='ltr'><strong>mendam</strong></span> <span class='ocrx_word' id='word_1_201' title='bbox 872 3264 931 3299; x_wconf 83' lang='lat' dir='ltr'><strong>care</strong></span> <span class='ocrx_word' id='word_1_202' title='bbox 948 3265 1031 3316; x_wconf 87' lang='lat' dir='ltr'><strong>neque</strong></span> <span class='ocrx_word' id='word_1_203' title='bbox 1044 3251 1146 3314; x_wconf 67' lang='lat' dir='ltr'><strong>uitium</strong></span> <span class='ocrx_word' id='word_1_204' title='bbox 1163 3267 1263 3303; x_wconf 85' lang='lat' dir='ltr'><strong>errara-</strong></span> 
     </span>
     <span class='ocr_line' id='line_1_26' title="bbox 174 3329 1262 3398; baseline 0.004 -19"><span class='ocrx_word' id='word_1_205' title='bbox 174 3345 225 3394; x_wconf 81' lang='lat' dir='ltr'><strong>que</strong></span> <span class='ocrx_word' id='word_1_206' title='bbox 236 3331 310 3392; x_wconf 85' lang='lat' dir='ltr'><strong>lator,</strong></span> <span class='ocrx_word' id='word_1_207' title='bbox 320 3331 363 3394; x_wconf 89' lang='lat' dir='ltr'><strong>qni</strong></span> <span class='ocrx_word' id='word_1_208' title='bbox 380 3331 461 3380; x_wconf 88' lang='lat' dir='ltr'><strong>bcuoa</strong></span> <span class='ocrx_word' id='word_1_209' title='bbox 472 3331 569 3380; x_wconf 83' lang='lat' dir='ltr'><strong>violant</strong></span> <span class='ocrx_word' id='word_1_210' title='bbox 587 3331 675 3388; x_wconf 86' lang='lat' dir='ltr'><strong>libror,</strong></span> <span class='ocrx_word' id='word_1_211' title='bbox 683 3329 829 3388; x_wconf 82' lang='lat' dir='ltr'><strong>etfaturura</strong></span> <span class='ocrx_word' id='word_1_212' title='bbox 838 3329 954 3380; x_wconf 85' lang='lat' dir='ltr'><strong>rcribnnt</strong></span> <span class='ocrx_word' id='word_1_213' title='bbox 965 3345 972 3380; x_wconf 78' lang='lat' dir='ltr'><strong>r</strong></span> <span class='ocrx_word' id='word_1_214' title='bbox 990 3337 1068 3394; x_wconf 82' lang='lat' dir='ltr'><strong>atqne</strong></span> <span class='ocrx_word' id='word_1_215' title='bbox 1080 3332 1144 3380; x_wconf 89' lang='lat' dir='ltr'><strong>inibi</strong></span> <span class='ocrx_word' id='word_1_216' title='bbox 1155 3331 1188 3382; x_wconf 89' lang='lat' dir='ltr'><strong>de</strong></span> <span class='ocrx_word' id='word_1_217' title='bbox 1199 3349 1262 3398; x_wconf 90' lang='lat' dir='ltr'><strong>quo·</strong></span> 
     </span>
     <span class='ocr_line' id='line_1_27' title="bbox 170 3410 1260 3476; baseline 0.005 -18"><span class='ocrx_word' id='word_1_218' title='bbox 170 3410 233 3460; x_wconf 82' lang='lat' dir='ltr'><strong>daur</strong></span> <span class='ocrx_word' id='word_1_219' title='bbox 241 3411 292 3460; x_wconf 86' lang='lat' dir='ltr'><strong>alio</strong></span> <span class='ocrx_word' id='word_1_220' title='bbox 301 3410 433 3472; x_wconf 76' lang='lat' dir='ltr'><strong>ciceronis</strong></span> <span class='ocrx_word' id='word_1_221' title='bbox 449 3411 530 3462; x_wconf 80' lang='lat' dir='ltr'><strong>verbo</strong></span> <span class='ocrx_word' id='word_1_222' title='bbox 541 3410 650 3472; x_wconf 89' lang='lat' dir='ltr'><strong>dictum,</strong></span> <span class='ocrx_word' id='word_1_223' title='bbox 668 3410 735 3476; x_wconf 90' lang='lat' dir='ltr'><strong>quod</strong></span> <span class='ocrx_word' id='word_1_224' title='bbox 756 3411 836 3472; x_wconf 88' lang='lat' dir='ltr'><strong>probe</strong></span> <span class='ocrx_word' id='word_1_225' title='bbox 848 3410 973 3474; x_wconf 86' lang='lat' dir='ltr'><strong>rcriptum</strong></span> <span class='ocrx_word' id='word_1_226' title='bbox 983 3424 1119 3474; x_wconf 84' lang='lat' dir='ltr'><strong>perperam</strong></span> <span class='ocrx_word' id='word_1_227' title='bbox 1131 3421 1260 3463; x_wconf 86' lang='lat' dir='ltr'><strong>mutatur:</strong></span> 
     </span>
     <span class='ocr_line' id='line_1_28' title="bbox 172 3491 1262 3558; baseline 0.002 -18"><span class='ocrx_word' id='word_1_228' title='bbox 172 3498 202 3540; x_wconf 90' lang='lat' dir='ltr'><strong>et</strong></span> <span class='ocrx_word' id='word_1_229' title='bbox 218 3505 323 3555; x_wconf 79' lang='lat' dir='ltr'><strong>arperaa</strong></span> <span class='ocrx_word' id='word_1_230' title='bbox 334 3491 460 3556; x_wconf 85' lang='lat' dir='ltr'><strong>paneade</strong></span> <span class='ocrx_word' id='word_1_231' title='bbox 478 3492 588 3542; x_wconf 88' lang='lat' dir='ltr'><strong>modulir</strong></span> <span class='ocrx_word' id='word_1_232' title='bbox 598 3493 762 3558; x_wconf 83' lang='lat' dir='ltr'><strong>aameritque</strong></span> <span class='ocrx_word' id='word_1_233' title='bbox 773 3491 904 3554; x_wconf 83' lang='lat' dir='ltr'><strong>oraticula,</strong></span> <span class='ocrx_word' id='word_1_234' title='bbox 914 3505 978 3557; x_wconf 85' lang='lat' dir='ltr'><strong>quur</strong></span> <span class='ocrx_word' id='word_1_235' title='bbox 990 3491 1082 3542; x_wconf 85' lang='lat' dir='ltr'><strong>Cicero</strong></span> <span class='ocrx_word' id='word_1_236' title='bbox 1093 3492 1168 3542; x_wconf 85' lang='lat' dir='ltr'><strong>avida</strong></span> <span class='ocrx_word' id='word_1_237' title='bbox 1181 3501 1262 3544; x_wconf 84' lang='lat' dir='ltr'><strong>aecta·</strong></span> 
     </span>
     <span class='ocr_line' id='line_1_29' title="bbox 172 3579 277 3622; baseline 0 0"><span class='ocrx_word' id='word_1_238' title='bbox 172 3579 215 3622; x_wconf 89' lang='lat' dir='ltr'><strong>tna</strong></span> <span class='ocrx_word' id='word_1_239' title='bbox 227 3580 277 3622; x_wconf 89' lang='lat' dir='ltr'><strong>eat.</strong></span> 
     </span>
    </p>

    <p class='ocr_par' dir='ltr' id='par_1_12' title="bbox 170 3651 1263 3803">
     <span class='ocr_line' id='line_1_30' title="bbox 202 3651 1263 3720; baseline 0.004 -20"><span class='ocrx_word' id='word_1_240' title='bbox 202 3655 228 3702; x_wconf 85' lang='lat'><strong>8.</strong></span> <span class='ocrx_word' id='word_1_241' title='bbox 247 3653 363 3704; x_wconf 85' lang='lat' dir='ltr'><strong>Hieturia</strong></span> <span class='ocrx_word' id='word_1_242' title='bbox 381 3653 407 3703; x_wconf 89' lang='lat' dir='ltr'><strong>in</strong></span> <span class='ocrx_word' id='word_1_243' title='bbox 423 3654 494 3704; x_wconf 88' lang='lat' dir='ltr'><strong>librir</strong></span> <span class='ocrx_word' id='word_1_244' title='bbox 506 3655 618 3706; x_wconf 72' lang='lat' dir='ltr'><strong>Sotionis</strong></span> <span class='ocrx_word' id='word_1_245' title='bbox 634 3653 778 3720; x_wconf 87' lang='lat' dir='ltr'><strong>pbiloropbi</strong></span> <span class='ocrx_word' id='word_1_246' title='bbox 790 3657 895 3718; x_wconf 89' lang='lat' dir='ltr'><strong>reperta</strong></span> <span class='ocrx_word' id='word_1_247' title='bbox 906 3666 986 3717; x_wconf 83' lang='lat' dir='ltr'><strong>anper</strong></span> <span class='ocrx_word' id='word_1_248' title='bbox 997 3651 1080 3702; x_wconf 84' lang='lat' dir='ltr'><strong>Laide</strong></span> <span class='ocrx_word' id='word_1_249' title='bbox 1088 3653 1223 3703; x_wconf 84' lang='lat' dir='ltr'><strong>meretrice</strong></span> <span class='ocrx_word' id='word_1_250' title='bbox 1235 3662 1263 3704; x_wconf 92' lang='lat' dir='ltr'><strong>et</strong></span> 
     </span>
     <span class='ocr_line' id='line_1_31' title="bbox 170 3733 1073 3803; baseline 0.002 -20"><span class='ocrx_word' id='word_1_251' title='bbox 170 3733 346 3784; x_wconf 71' lang='lat' dir='ltr'><strong>Demosthene</strong></span> <span class='ocrx_word' id='word_1_252' title='bbox 357 3735 470 3785; x_wconf 90' lang='lat' dir='ltr'><strong>rbetore.</strong></span> <span class='ocrx_word' id='word_1_253' title='bbox 1068 3795 1073 3803; x_wconf 27' lang='grc' dir='ltr'>ι</span> 
     </span>
    </p>

    <p class='ocr_par' dir='ltr' id='par_1_13' title="bbox 172 3813 1260 3958">
     <span class='ocr_line' id='line_1_32' title="bbox 199 3813 1260 3879; baseline -0.005 -17"><span class='ocrx_word' id='word_1_254' title='bbox 199 3817 226 3864; x_wconf 80' lang='grc'><strong>9.</strong></span> <span class='ocrx_word' id='word_1_255' title='bbox 244 3815 296 3866; x_wconf 78' lang='lat' dir='ltr'><strong>Qui</strong></span> <span class='ocrx_word' id='word_1_256' title='bbox 318 3815 407 3864; x_wconf 89' lang='lat' dir='ltr'><strong>modna</strong></span> <span class='ocrx_word' id='word_1_257' title='bbox 426 3815 514 3872; x_wconf 84' lang='lat' dir='ltr'><strong>luerit.</strong></span> <span class='ocrx_word' id='word_1_258' title='bbox 535 3815 592 3879; x_wconf 83' lang='lat' dir='ltr'><strong>quio</strong></span> <span class='ocrx_word' id='word_1_259' title='bbox 610 3814 674 3864; x_wconf 88' lang='lat' dir='ltr'><strong>ordo</strong></span> <span class='ocrx_word' id='word_1_260' title='bbox 695 3813 839 3878; x_wconf 85' lang='lat' dir='ltr'><strong>dirciplinre</strong></span> <span class='ocrx_word' id='word_1_261' title='bbox 861 3813 1060 3878; x_wconf 70' lang='lat' dir='ltr'><strong>Pythagoricae,</strong></span> <span class='ocrx_word' id='word_1_262' title='bbox 1088 3818 1260 3876; x_wconf 86' lang='lat' dir='ltr'><strong>quantumque</strong></span> 
     </span>
     <span class='ocr_line' id='line_1_33' title="bbox 172 3892 1095 3958; baseline -0.002 -16"><span class='ocrx_word' id='word_1_263' title='bbox 172 3895 297 3957; x_wconf 80' lang='lat' dir='ltr'><strong>temperie</strong></span> <span class='ocrx_word' id='word_1_264' title='bbox 307 3894 460 3958; x_wconf 87' lang='lat' dir='ltr'><strong>imperatum</strong></span> <span class='ocrx_word' id='word_1_265' title='bbox 471 3895 685 3958; x_wconf 84' lang='lat' dir='ltr'><strong>obreruatnmque</strong></span> <span class='ocrx_word' id='word_1_266' title='bbox 696 3895 729 3942; x_wconf 83' lang='lat' dir='ltr'><strong>ait</strong></span> <span class='ocrx_word' id='word_1_267' title='bbox 739 3893 843 3944; x_wconf 87' lang='lat' dir='ltr'><strong>dicendi</strong></span> <span class='ocrx_word' id='word_1_268' title='bbox 853 3893 926 3942; x_wconf 82' lang='lat' dir='ltr'><strong>timul</strong></span> <span class='ocrx_word' id='word_1_269' title='bbox 938 3909 968 3942; x_wconf 91' lang='lat' dir='ltr'><strong>ac</strong></span> <span class='ocrx_word' id='word_1_270' title='bbox 981 3892 1095 3944; x_wconf 83' lang='lat' dir='ltr'><strong>tacendi.</strong></span> 
     </span>
    </p>

    <p class='ocr_par' dir='ltr' id='par_1_14' title="bbox 170 3971 1263 4119">
     <span class='ocr_line' id='line_1_34' title="bbox 206 3971 1263 4038; baseline -0.003 -16"><span class='ocrx_word' id='word_1_271' title='bbox 206 3977 246 4023; x_wconf 79' lang='lat' dir='ltr'><strong>lu.</strong></span> <span class='ocrx_word' id='word_1_272' title='bbox 264 3974 364 4026; x_wconf 80' lang='lat' dir='ltr'><strong>Quium</strong></span> <span class='ocrx_word' id='word_1_273' title='bbox 388 3975 474 4024; x_wconf 83' lang='lat' dir='ltr'><strong>verbio</strong></span> <span class='ocrx_word' id='word_1_274' title='bbox 494 3976 689 4038; x_wconf 78' lang='lat' dir='ltr'><strong>compellaverit</strong></span> <span class='ocrx_word' id='word_1_275' title='bbox 708 3975 850 4026; x_wconf 79' lang='lat' dir='ltr'><strong>Favorinus</strong></span> <span class='ocrx_word' id='word_1_276' title='bbox 880 3973 1047 4037; x_wconf 83' lang='lat' dir='ltr'><strong>pbiloaopbua</strong></span> <span class='ocrx_word' id='word_1_277' title='bbox 1069 3971 1263 4021; x_wconf 76' lang='lat' dir='ltr'><strong>adolescentem</strong></span> 
     </span>
     <span class='ocr_line' id='line_1_35' title="bbox 170 4055 633 4119; baseline 0.004 -17"><span class='ocrx_word' id='word_1_278' title='bbox 170 4067 247 4103; x_wconf 85' lang='lat' dir='ltr'><strong>caace</strong></span> <span class='ocrx_word' id='word_1_279' title='bbox 258 4055 334 4102; x_wconf 86' lang='lat' dir='ltr'><strong>nimir</strong></span> <span class='ocrx_word' id='word_1_280' title='bbox 344 4061 371 4103; x_wconf 90' lang='lat' dir='ltr'><strong>et</strong></span> <span class='ocrx_word' id='word_1_281' title='bbox 382 4056 466 4118; x_wconf 86' lang='lat' dir='ltr'><strong>priace</strong></span> <span class='ocrx_word' id='word_1_282' title='bbox 475 4056 633 4119; x_wconf 84' lang='lat' dir='ltr'><strong>loquentem.</strong></span> 
     </span>
    </p>

    <p class='ocr_par' dir='ltr' id='par_1_15' title="bbox 170 4129 1264 4278">
     <span class='ocr_line' id='line_1_36' title="bbox 198 4129 1264 4200; baseline -0.004 -18"><span class='ocrx_word' id='word_1_283' title='bbox 198 4137 244 4182; x_wconf 83' lang='grc'><strong>11.</strong></span> <span class='ocrx_word' id='word_1_284' title='bbox 260 4133 338 4187; x_wconf 81' lang='lat' dir='ltr'><strong>Qnod</strong></span> <span class='ocrx_word' id='word_1_285' title='bbox 349 4135 637 4197; x_wconf 72' lang='lat' dir='ltr'><strong>&#39;l&#39;bucydideabiatorioe</strong></span> <span class='ocrx_word' id='word_1_286' title='bbox 647 4135 876 4200; x_wconf 79' lang='lat' dir='ltr'><strong>rcriptorluclytur</strong></span> <span class='ocrx_word' id='word_1_287' title='bbox 888 4131 1097 4182; x_wconf 83' lang='lat' dir='ltr'><strong>Lacedaemoniae</strong></span> <span class='ocrx_word' id='word_1_288' title='bbox 1109 4130 1135 4180; x_wconf 92' lang='lat' dir='ltr'><strong>iu</strong></span> <span class='ocrx_word' id='word_1_289' title='bbox 1145 4129 1201 4182; x_wconf 87' lang='lat' dir='ltr'><strong>acie</strong></span> <span class='ocrx_word' id='word_1_290' title='bbox 1213 4145 1264 4179; x_wconf 90' lang='lat' dir='ltr'><strong>uon</strong></span> 
     </span>
     <span class='ocr_line' id='line_1_37' title="bbox 170 4208 1262 4278; baseline -0.006 -15"><span class='ocrx_word' id='word_1_291' title='bbox 170 4211 246 4276; x_wconf 88' lang='lat' dir='ltr'><strong>tuba,</strong></span> <span class='ocrx_word' id='word_1_292' title='bbox 257 4214 303 4264; x_wconf 86' lang='lat' dir='ltr'><strong>red</strong></span> <span class='ocrx_word' id='word_1_293' title='bbox 315 4215 385 4264; x_wconf 87' lang='lat' dir='ltr'><strong>tibiir</strong></span> <span class='ocrx_word' id='word_1_294' title='bbox 397 4229 454 4265; x_wconf 81' lang='lat' dir='ltr'><strong>erae</strong></span> <span class='ocrx_word' id='word_1_295' title='bbox 465 4229 523 4265; x_wconf 86' lang='lat' dir='ltr'><strong>naor</strong></span> <span class='ocrx_word' id='word_1_296' title='bbox 535 4216 598 4266; x_wconf 92' lang='lat' dir='ltr'><strong>dicit</strong></span> <span class='ocrx_word' id='word_1_297' title='bbox 611 4232 618 4276; x_wconf 85' lang='lat'>;</span> <span class='ocrx_word' id='word_1_298' title='bbox 636 4215 766 4278; x_wconf 78' lang='lat' dir='ltr'><strong>verbaque</strong></span> <span class='ocrx_word' id='word_1_299' title='bbox 777 4215 832 4278; x_wconf 89' lang='lat' dir='ltr'><strong>ejua</strong></span> <span class='ocrx_word' id='word_1_300' title='bbox 843 4227 919 4276; x_wconf 77' lang='lat' dir='ltr'><strong>cuper</strong></span> <span class='ocrx_word' id='word_1_301' title='bbox 931 4225 962 4260; x_wconf 92' lang='lat' dir='ltr'><strong>ea</strong></span> <span class='ocrx_word' id='word_1_302' title='bbox 983 4225 1011 4260; x_wconf 90' lang='lat' dir='ltr'><strong>re</strong></span> <span class='ocrx_word' id='word_1_303' title='bbox 1022 4211 1106 4274; x_wconf 82' lang='lat' dir='ltr'><strong>paritr</strong></span> <span class='ocrx_word' id='word_1_304' title='bbox 1119 4227 1125 4262; x_wconf 82' lang='lat' dir='ltr'><strong>t</strong></span> <span class='ocrx_word' id='word_1_305' title='bbox 1144 4208 1262 4275; x_wconf 80' lang='lat' dir='ltr'><strong>quodque</strong></span> 
     </span>
    </p>

    <p class='ocr_par' dir='ltr' id='par_1_16' title="bbox 237 4289 1198 4357">
     <span class='ocr_line' id='line_1_38' title="bbox 237 4289 1198 4357; baseline 0.002 -16"><span class='ocrx_word' id='word_1_306' title='bbox 237 4293 328 4357; x_wconf 85' lang='lat' dir='ltr'><strong>Delplr.</strong></span> <span class='ocrx_word' id='word_1_307' title='bbox 339 4300 362 4345; x_wconf 85' lang='lat' dir='ltr'><strong>et</strong></span> <span class='ocrx_word' id='word_1_308' title='bbox 379 4295 436 4346; x_wconf 84' lang='lat' dir='ltr'><strong>Vur.</strong></span> <span class='ocrx_word' id='word_1_309' title='bbox 447 4297 510 4346; x_wconf 83' lang='lat' dir='ltr'><strong>Clua.</strong></span> <span class='ocrx_word' id='word_1_310' title='bbox 670 4294 702 4344; x_wconf 81' lang='grc' dir='ltr'><strong>Δ.</strong></span> <span class='ocrx_word' id='word_1_311' title='bbox 715 4293 778 4342; x_wconf 81' lang='lat' dir='ltr'><strong>Gall.</strong></span> <span class='ocrx_word' id='word_1_312' title='bbox 1171 4289 1198 4337; x_wconf 89' lang='lat' dir='ltr'><strong>l)</strong></span> 
     </span>
    </p>
   </div>
   <div class='ocr_carea' id='block_1_7' title="bbox 0 0 1542 4866">
    <p class='ocr_par' dir='ltr' id='par_1_17' title="bbox 0 0 1542 4866">
     <span class='ocr_line' id='line_1_39' title="bbox 0 0 1542 4866; baseline 0 1"><span class='ocrx_word' id='word_1_313' title='bbox 0 0 1542 4866; x_wconf 95' lang='lat' dir='ltr'><strong> </strong></span> 
     </span>
    </p>
   </div>
  </div>
 </body>
</html>
