3076 4866
244 396 289 462 tt)
507 407 640 460 tuconi
663 408 847 459 cuouovu
872 407 1078 458 unornrro.

245 555 326 631 λέπος
347 554 511 621 confertur
526 573 603 620 cum
617 557 724 639 σειρᾶς,
739 559 776 618 et
795 560 899 630 recto,
917 545 984 617 'non
1007 571 1083 618 cum
1106 549 1215 634 pireus,
1234 569 1258 616 a
1275 568 1347 635 quo

247 666 299 726 est
317 659 447 724 abcisa.
491 656 571 722 Sive
592 657 642 722 ita
657 655 859 722 HoIstenius
880 656 954 720 sive
978 653 1113 719 Gudius
1134 653 1347 737 scripserint,

246 763 448 846 scripserunt
459 758 587 843 aliquid
601 759 769 837 vitiosum,
780 758 868 823 sicut
877 758 1035 823 vitiosum
1046 777 1130 822 nunc
1145 775 1349 839 expressum

245 865 348 948 typis,
365 881 472 946 neque
485 862 556 926 illis
570 861 669 926 credo
682 863 731 926 ita
746 862 780 924 in
794 858 980 943 exemplari
992 857 1084 923 Msto
1093 863 1222 932 extare,
1236 877 1349 942 neque

248 968 319 1032 sive
333 965 398 1030 boc
412 970 507 1029 extet
523 965 662 1042 editum,
685 963 758 1028 sive
781 963 978 1044 ignoratum,
1000 960 1184 1044 quicquam
1199 961 1347 1038 interest,

246 1068 330 1152 quia
343 1072 395 1131 est
408 1065 518 1130 nihili.

291 1171 346 1235 Do
359 1169 492 1234 nomine
505 1167 541 1232 id
556 1166 835 1252 possumtestari,
849 1185 924 1230 esse
938 1166 973 1230 in
987 1163 1349 1246 Bibliodrccapubtica

247 1271 491 1337 vetustissimas
506 1271 715 1334 membranas
723 1267 856 1350 Virgilii
870 1287 947 1332 cum
961 1265 1209 1332 commentariis
1225 1265 1348 1342 Servii,

246 1373 434 1456 inquibus
457 1373 548 1436 circa
569 1371 665 1435 tinem
685 1370 763 1434 libri
787 1368 892 1453 quinti
916 1367 1041 1432 diserte
1062 1367 1219 1431 scribitur
1245 1372 1349 1448 prout

248 1477 360 1540 otiam
378 1491 541 1537 excusum
568 1479 619 1537 est
643 1469 745 1534 Aetne
772 1466 906 1547 Gellius,
933 1469 993 1534 sed
1017 1467 1141 1532 ibidem
1168 1467 1203 1530 in
1225 1487 1351 1546 vacuo,

249 1574 338 1660 qood
347 1579 441 1658 patet
450 1575 536 1638 inter
550 1573 633 1638 dues
647 1573 832 1650 columnas,
843 1571 1002 1654 ascripsit
1014 1569 1182 1634 recentior
1193 1567 1349 1654 agellius:

247 1675 337 1740 unde
358 1675 467 1760 liquet
487 1693 647 1738 manuum
667 1672 765 1738 ludus
780 1679 817 1737 et
828 1689 1025 1756 progressus
1039 1671 1171 1749 erroris,
1185 1690 1262 1736 cum
1276 1689 1351 1754 per·

247 1777 323 1841 inde
345 1779 396 1842 sic
421 1765 519 1842 extet
541 1776 667 1840 ibidem
682 1775 843 1840 Lucanus
857 1774 993 1838 omnino
1008 1771 1266 1850 vetustissimus,
1289 1773 1350 1838 cui

249 1879 487 1961 praescriptum
500 1883 554 1942 est
569 1874 762 1945 Mauricius:
784 1881 817 1940 et
827 1875 902 1960 jam
924 1875 960 1939 in
985 1875 1062 1958 ipso
1077 1873 1189 1940 Gellio
1204 1877 1256 1940 sic
1269 1893 1350 1958 pro·

249 1979 408 2044 duximus
434 1976 548 2045 Colice
573 1975 689 2042 Gallos
712 1997 757 2044 ex
781 1978 868 2043 libro
895 1976 1018 2060 Regio,
1031 1983 1068 2042 ut
1084 1979 1116 2041 is
1130 1978 1175 2042 sit
1188 1978 1349 2061 protritus

248 2099 325 2145 mos
339 2083 372 2145 iu
389 2080 504 2158 Mstis,
520 2081 725 2166 quodetiam
752 2080 902 2145 subolnit
924 2079 1058 2143 Mureto
1078 2079 1139 2144 lib.
1156 2093 1212 2142 xr.
1235 2078 1350 2161 Epist.

249 2183 283 2248 6.
297 2181 340 2247 ad
356 2181 530 2248 Gitanium
544 2201 590 2247 cx
610 2183 817 2247 Pendectis:
849 2188 951 2264 atquo
971 2180 1098 2246 idcirco
1123 2180 1183 2245 illa
1204 2200 1282 2264 quoe
1304 2181 1349 2244 ab

248 2283 331 2348 viris
344 2283 454 2348 doctis
479 2287 559 2347 eunt
580 2283 754 2347 elaborato
777 2282 820 2346 de
839 2281 989 2346 auctoris
1003 2281 1149 2358 nomine,
1164 2299 1252 2345 nnnc
1268 2280 1350 2346 addi

249 2403 459 2468 nequaquam
480 2384 546 2448 soit
567 2401 720 2460 necesse,
745 2384 837 2447 sicta
859 2383 905 2448 ob
930 2380 1053 2447 molem
1075 2381 1177 2466 hujus
1189 2382 1351 2448 editionis

253 2485 352 2548 etiarn
365 2485 485 2549 omitto
500 2484 625 2549 addere
651 2485 934 2550 Dissertatiouem
952 2484 1132 2549 Paternum
1146 2484 1189 2548 de
1204 2483 1351 2569 Populo

252 2585 393 2662 Fundis,
407 2603 509 2670 quum
522 2593 620 2651 autea
634 2587 872 2652 constitueram
891 2589 1080 2651 annectere.
1121 2585 1166 2650 Et
1186 2587 1261 2651 haeo
1274 2588 1351 2669 qui·

252 2687 327 2752 dom
342 2688 455 2751 omnia
467 2705 513 2750 ex
527 2687 602 2751 solo
626 2707 739 2752 amore
762 2685 876 2765 Gettii,
892 2706 961 2770 quo
984 2707 1060 2750 eum
1080 2705 1276 2770 prosequor,
1290 2689 1352 2772 qui

249 2789 354 2853 multa
367 2807 422 2853 me
437 2788 563 2866 docuit,
576 2789 697 2853 multas
720 2807 845 2854 suavos
870 2789 971 2853 horas
993 2789 1164 2871 praestitit,
1184 2791 1351 2854 crebrum·

250 2909 317 2972 que
331 2889 507 2954 materiam
520 2890 640 2954 mentis
652 2889 768 2954 inutili
778 2889 983 2972 cogitatione
997 2889 1219 2970 exercendem
1240 2897 1349 2974 utque

252 3009 416 3074 agnoscas
431 3011 500 3074 qua
514 2990 641 3056 rationo
651 2990 696 3055 ad
707 2991 852 3056 Gellium
861 2991 1039 3074 legendum
1048 2992 1221 3075 pervenire
1231 3011 1351 3074 queas,

249 3112 351 3176 quom
375 3093 531 3174 profecto
555 3093 632 3158 istoc
655 3093 785 3176 priores
807 3093 975 3157 editiones
988 3091 1166 3174 legendum
1179 3111 1246 3157 non
1262 3111 1350 3176 prm·

249 3194 339 3272 bont,
355 3193 415 3258 scd
429 3194 598 3258 variorum
611 3193 820 3273 ingeniorum
833 3195 896 3259 snb
909 3195 995 3259 tanti
1020 3195 1084 3259 viri
1097 3195 1217 3260 umbra
1231 3195 1351 3278 jocan-

251 3295 336 3358 tium
362 3296 596 3378 asperitatem:
631 3313 734 3378 quom
763 3295 931 3378 detergere
959 3296 1055 3378 ipsus
1084 3295 1257 3374 decuerat,
1282 3295 1352 3364 nisi

251 3395 343 3479 qood
358 3395 401 3460 ad
414 3396 536 3461 srirola
545 3401 607 3460 ncc'
621 3397 738 3480 ignoto
753 3405 789 3462 et
809 3395 921 3462 Gellio
934 3415 1002 3461 non
1015 3396 1114 3462 utiiia
1129 3415 1267 3479 oporam
1281 3415 1349 3462 non

250 3497 471 3561 necessarium
495 3504 596 3581 atque
618 3497 847 3563 illaudabiiem
866 3498 1035 3580 pertinere
1045 3497 1240 3564 metuerunt.
1283 3497 1349 3564 At-

251 3619 319 3682 que
333 3601 383 3666 ita
397 3600 494 3666 Volo.
