3076 4866
637 405 843 454 nuenario.
1267 401 1290 463 5

234 547 277 614 Id
293 567 372 614 vero
392 549 442 616 ita
465 549 717 627 administravit,
738 557 774 614 ut
799 551 927 627 lateret,
947 550 1128 634 malletque
1151 551 1289 616 tacitum

190 649 316 727 fovere,
332 651 422 735 quod
434 651 525 716 intus
540 652 709 734 cogitabat
726 653 819 717 multi
836 654 979 736 posthac
994 661 1029 716 et
1043 653 1181 718 alterius
1195 654 1289 718 labo·

191 754 251 830 ris,
266 771 367 837 quam
389 755 424 818 iu
445 753 617 837 publicum
639 753 756 819 efferre
778 762 812 817 et
829 755 871 819 ad
889 757 1043 838 pollicita
1057 755 1200 820 efflanda
1214 775 1289 838 pro-

185 855 318 939 jectum
342 875 382 922 se
406 861 583 934 ostentare,
613 876 691 939 quae
715 877 758 920 an
784 868 876 921 esset
902 859 1126 940 praestiturus,
1148 858 1288 924 necdum

191 959 294 1022 etiarn
316 959 352 1022 in
373 977 437 1025 sua
457 958 605 1024 babebat
622 967 803 1042 potestate.
848 959 971 1042 Itaque
988 980 1063 1025 cum
1078 959 1177 1024 tidem
1193 979 1290 1024 snam

189 1077 259 1126 uon
275 1060 541 1144 interposuisset,
556 1066 667 1125 tamen
683 1063 756 1144 ipse
772 1081 833 1124 seu
848 1071 968 1145 sponte
988 1081 1049 1126 sua
1063 1062 1190 1146 aliquid
1206 1063 1290 1126 ulte-

191 1163 263 1228 rius
276 1160 343 1226 huc
356 1162 525 1246 principio
541 1163 690 1245 agitavit,
706 1165 781 1228 sive
797 1164 952 1228 incensus
968 1171 1003 1228 et
1017 1164 1160 1230 adactus
1176 1165 1291 1230 stimu-

192 1264 237 1328 lis
251 1265 395 1329 aliorum
409 1265 558 1350 nequivit
571 1265 746 1342 abstinere,
761 1265 842 1348 quin
857 1265 948 1330 omni
963 1265 1054 1342 hora,
1069 1285 1136 1348 qua
1151 1270 1290 1349 poterat,

192 1366 260 1432 buc
274 1385 311 1430 se
325 1365 466 1432 referret.
509 1366 660 1450 Tempus
681 1367 747 1430 boc
769 1387 845 1430 cum
861 1367 1013 1432 inciderit
1027 1369 1060 1432 in
1074 1369 1166 1432 illam
1180 1367 1292 1452 pueri-

193 1470 250 1536 tire
271 1489 357 1536 meae
380 1477 521 1553 partem,
542 1489 610 1553 qna
631 1470 667 1534 in
689 1469 855 1553 Epistolis
870 1470 913 1534 ad
933 1469 1056 1534 Janum
1077 1470 1219 1536 Ulitium
1236 1489 1290 1534 rue

194 1579 297 1638 rooat
310 1572 579 1636 contubernalem
594 1591 702 1648 suum,
717 1579 750 1636 et
765 1571 824 1655 qui
841 1579 974 1636 centum
991 1570 1112 1636 Iutiua
1127 1571 1293 1636 vocabula

193 1681 338 1740 tenerem
358 1691 447 1738 anuo
469 1673 566 1738 1650.
588 1671 666 1737 Kal.
685 1674 783 1738 Mart.
803 1673 885 1738 nibil
908 1673 950 1737 de
973 1691 1014 1736 eo
1039 1691 1179 1756 possum
1195 1671 1292 1739 edere

193 1775 382 1862 peculiare,
397 1775 507 1858 utqui
520 1776 670 1857 ignorem
685 1777 888 1852 uuiversum,
903 1782 937 1839 et
950 1774 1026 1840 ideo
1038 1775 1293 1858 sufficietprofi·

193 1879 255 1943 teri
270 1877 353 1961 quid
369 1885 491 1960 postea
504 1879 681 1964 repererim
695 1879 793 1962 hujus
809 1879 939 1960 generis
955 1896 996 1942 ac
1011 1877 1292 1961 deprehenderim,

194 1988 235 2050 ut
247 1980 328 2044 inde
342 1979 530 2062 colligatur.
574 1979 701 2045 Incidit
715 1982 802 2044 euim
818 1983 851 2044 in
867 1982 985 2045 oculos
1008 1979 1159 2064 Epistola
1181 1977 1295 2046 Caroli

194 2081 378 2148 Annibalis
393 2081 544 2146 Fabrotti
557 2081 591 2146 8.
612 2081 694 2148 Kal.
712 2082 813 2146 Mart.
829 2083 925 2148 1652.
941 2084 1080 2165 scripta,
1097 2081 1185 2146 unde
1200 2081 1294 2149 istud

196 2183 289 2267 quod
304 2185 455 2267 sequitur
476 2185 646 2268 specimen
667 2185 834 2268 excerpsi.
856 2185 918 2248 ‘ln
939 2183 1022 2248 Auli
1040 2183 1144 2252 Gellii
1167 2183 1294 2248 Noctes

195 2286 281 2352 nibil
307 2287 464 2352 molirlst
493 2287 797 2352 emendatissimum
827 2287 1012 2352 editionem
1039 2286 1181 2350 nullisne
1206 2287 1295 2350 notis

196 2387 359 2452 illustrem
385 2387 528 2454 reddes‘l
549 2423 592 2440 -·
614 2388 725 2454 Multa
751 2391 784 2454 in
809 2389 954 2454 Gellium
976 2387 1103 2452 dudum
1118 2387 1296 2454 observavi

196 2495 359 2573 spectatae
373 2490 453 2554 lidei
467 2491 562 2556 libris
577 2511 670 2556 usus.
716 2489 783 2556 Sed
805 2491 860 2553 bis
883 2490 1027 2554 nundum
1046 2509 1164 2554 manns
1180 2507 1297 2554 acces·

198 2588 246 2658 sit
258 2591 387 2668 ultima,
401 2597 435 2657 et
448 2591 582 2656 mallem
598 2591 810 2676 spicilegium
825 2597 954 2656 tautum
965 2613 986 2658 a
997 2601 1032 2658 te
1041 2593 1123 2656 mibi
1133 2593 1299 2670 relietum,

200 2712 303 2778 quam
319 2694 441 2758 uberes
455 2695 713 2761 commentarios
735 2693 903 2760 scribendi
924 2694 1152 2760 occasionem.¹
1197 2695 1298 2759 Simi-

198 2797 247 2864 lia
260 2796 396 2862 venisse
409 2797 641 2864 animadverto
657 2798 700 2862 ab
714 2797 809 2876 aliis3
832 2795 890 2860 sed
910 2815 977 2861 uon
997 2801 1052 2862 est
1070 2796 1152 2860 mihi
1167 2803 1298 2879 tempus

198 2897 377 2966 evolvendi
399 2901 547 2966 onmium
570 2903 606 2966 et
625 2899 853 2978 exscribendi,
874 2901 998 2983 quibus
1014 2901 1147 2964 obruor.
1190 2899 1300 2983 Prop-

199 3007 293 3066 terea
307 3019 439 3084 seruper
459 3001 652 3066 admonitus
675 3002 801 3066 nullam
823 3002 936 3066 omisit
955 3001 1166 3066 occasionem
1190 3001 1301 3066 multi·

199 3103 348 3188 plicandi
372 3103 597 3182 instrumenti,
621 3123 690 3188 quo
711 3110 848 3168 ornatus
871 3101 966 3166 lateri
990 3107 1117 3184 posset,
1133 3101 1225 3185 quod
1241 3100 1300 3168 diu

201 3210 352 3272 coxerat.
395 3203 488 3270 Hinc
513 3207 629 3272 nescio
645 3204 812 3289 quomodo
836 3210 896 3268 aut
917 3203 1051 3287 quando
1071 3222 1210 3287 compos
1228 3203 1301 3270 fac-

201 3311 257 3372 tus
270 3305 465 3372 collationis
489 3307 630 3372 duorum
655 3305 775 3389 Regia
796 3305 1011 3372 bibliothecae
1033 3303 1198 3380 codicum,
1213 3323 1300 3388 quos

202 3408 308 3474 instar
323 3409 472 3474 omnium
488 3427 565 3474 esse
579 3416 729 3485 noverat,
751 3407 805 3473 vel
829 3427 932 3489 quam
947 3404 1132 3471 Salmasius
1146 3407 1301 3472 institue·

202 3518 267 3586 ret,
283 3510 335 3576 vel
360 3529 463 3593 quam
488 3510 703 3587 lambecius,
729 3514 764 3574 et
790 3511 840 3572 sic
866 3508 955 3572 velut
979 3507 1043 3570 line
1064 3513 1216 3572 votorum
1228 3507 1301 3591 jam

202 3611 371 3676 truensue
388 3610 588 3694 sicquidem
609 3611 704 3696 justa
724 3609 933 3693 supellectile
953 3609 1158 3672 succinctum
1177 3629 1214 3674 se
1234 3616 1302 3674 sta-

204 3723 315 3793 tuens,
329 3715 486 3798 opperiri
508 3715 611 3778 etiem
633 3721 711 3780 tunc
733 3714 842 3778 voluit
864 3713 933 3778 alia
957 3719 1122 3794 tempora.
1168 3711 1302 3776 Interim

206 3817 356 3888 accessit
370 3816 541 3881 beneficiis
555 3814 608 3884 Ol.
621 3815 820 3893 Schellerus,
835 3814 932 3898 eujus
946 3815 1136 3878 citationem
1151 3831 1226 3876 eum
1240 3812 1304 3876 ire-

206 3927 343 4006 quenter
367 3918 555 3984 offensurus
577 3917 637 3995 sis,
659 3919 874 3984 occasionem
899 3916 971 3999 ejus
993 3915 1121 3982 codicis
1137 3913 1202 3977 buc
1218 3933 1305 3998 quo-

205 4041 272 4107 que
285 4021 442 4088 advocati
457 4019 571 4084 discas
586 4019 678 4084 licet.
721 4019 776 4084 Ita
786 4019 873 4083 euim
885 4018 935 4082 illi
946 4017 1082 4099 scripsit
1098 4015 1199 4080 Pater
1214 4017 1303 4100 prid.

206 4123 260 4190 Id.
274 4123 429 4187 Februar.
447 4137 505 4186 cro
524 4137 582 4184 roo
603 4135 721 4184 cxvn.
767 4119 901 4185 ‘Video
916 4121 951 4184 io
965 4119 1089 4183 Militia
1105 4119 1232 4184 Navali
1245 4127 1305 4186 tua

208 4231 241 4292 le
262 4225 463 4290 mentionem
486 4224 596 4290 iacere
624 4221 691 4292 Ms.
715 4222 818 4289 Gellii
848 4223 904 4287 tui.
950 4221 1041 4286 Huic
1063 4243 1123 4304 ego
1147 4224 1303 4300 scriptori
