3076 4866
244 379 289 446 30
540 392 798 446 canrsrrlnus
822 393 1041 446 rnnsrsaus

244 559 325 605 mox
339 539 464 605 ibidem
478 539 717 625 snbjiciuntur:
740 537 930 620 ‘Quantum
945 546 1053 606 antem
1066 541 1144 607 vitre
1154 539 1235 610 mihi
1246 540 1341 607 dein·

245 662 329 725 ceps
345 643 456 706 Deum
470 642 649 706 voluntate
665 643 740 720 erit,
764 649 1026 727 quantumqnea
1047 644 1167 708 tuenda
1185 663 1221 708 re
1243 645 1341 709 fami·

242 745 319 812 lieri
332 743 609 827 procurandoque
620 745 715 809 cultu
726 745 902 809 liberorum
911 763 1059 809 meorum
1068 745 1205 810 dabitur
1213 747 1340 826 otium;

244 867 286 918 ea
300 849 412 912 omnia
426 847 597 911 subsiciva
611 853 645 912 et
658 846 924 912 subsecundaria
949 853 1099 932 tempora
1120 847 1163 912 ad
1184 848 1341 930 colligen-

244 949 306 1014 das
320 947 548 1034 hujuscemodi
564 951 793 1014 memoriarum
816 949 1138 1032 disceptatiunculas
1160 948 1339 1016 conferam.

244 1050 480 1135 Progredietur
501 1050 601 1134 igitur
618 1070 775 1116 nnmems
797 1050 967 1128 librorum,
991 1050 1068 1115 Diis
1085 1051 1170 1116 bene
1188 1052 1341 1136 juvanti·

242 1156 317 1232 bns,
339 1173 418 1219 cum
432 1153 540 1237 ipsius
556 1152 636 1217 vitae
652 1150 909 1234 progressibus?

284 1255 401 1341 Atque
415 1263 455 1320 ut
468 1255 615 1320 ordinem
636 1254 850 1320 Praelationis
876 1251 1043 1319 Gelliauae
1058 1272 1190 1337 sequar,
1204 1254 1342 1338 scripsit

244 1361 367 1426 Noster
381 1361 415 1423 in
429 1357 568 1441 gratiam
583 1362 618 1422 et
631 1357 887 1421 emolumentum
901 1356 1082 1422 liberorum
1096 1375 1254 1438 suorum;
1277 1361 1339 1422 ‘ut

241 1463 294 1528 his
309 1467 438 1545 parata
453 1458 642 1524 istiusmodi
663 1458 882 1522 remissiones
903 1464 1025 1539 essent,
1047 1457 1187 1541 quando
1207 1459 1339 1524 animus

242 1581 369 1639 eornm,
384 1560 602 1626 interstitione
626 1559 741 1643 aliqua
761 1559 969 1641 negotiomm
993 1559 1084 1639 date,
1105 1561 1215 1624 laxari
1229 1558 1339 1626 indul·

242 1664 377 1750 geriqne
402 1662 572 1746 potuisset
582 1660 601 1726 ε’
622 1658 725 1746 (cont.
747 1659 899 1724 Wolclrii
923 1661 1068 1726 Diatrib.
1092 1661 1135 1725 de
1161 1660 1338 1726 Dedicati·

242 1769 364 1832 ouibus
383 1765 557 1830 Librorum
579 1769 728 1827 veterum
755 1761 950 1826 Latinorum
965 1781 1040 1847 cap.
1064 1779 1099 1826 v,
1116 1782 1149 1846 p.
1162 1759 1235 1845 47.)
1255 1781 1338 1827 usos

241 1874 252 1906 ⁴
267 1868 384 1934 ordine
398 1885 507 1931 rerum
520 1863 673 1942 fortuito,
688 1883 786 1947 quem
801 1869 878 1930 ante
898 1865 932 1929 in
951 1864 1163 1949 excerpendo
1178 1863 1309 1930 lecerat
1319 1862 1339 1929 τ’

242 1969 330 2054 qnod
346 1968 477 2052 quidem
492 1965 672 2032 consilium
691 1965 755 2031 Vir
770 1964 987 2032 doctissimus
1009 1966 1202 2032 ludovicus
1228 1966 1338 2034 Vires

241 2071 354 2138 Gellio
368 2089 478 2154 usque
494 2069 579 2134 adeo
596 2070 683 2133 vitio
703 2069 811 2146 vertit,
832 2076 871 2134 ut
884 2068 973 2134 hunc
990 2075 1000 2104 ‘
1015 2069 1183 2134 hominem
1198 2069 1338 2154 rhapso-

241 2172 320 2238 dum
329 2173 438 2257 plane,
449 2179 483 2237 et
493 2176 717 2253 congestorem
726 2171 954 2254 potiusquam
965 2169 1337 2255 digestorem'compel·

240 2275 311 2340 lare
325 2295 390 2340 non
403 2275 621 2356 erubescatip
639 2273 662 2336 l.
682 2289 737 2336 ιιι.
748 2273 792 2336 de
802 2272 989 2338 Tradendis
1001 2272 1200 2355 Disciplinis
1211 2295 1245 2358 p.
1255 2272 1334 2338 582.

242 2375 333 2454 Quid
347 2378 451 2442 vemt
475 2377 505 2440 si
528 2373 739 2458 ‘rhapsodur
761 2380 797 2437 et
811 2374 1005 2458 congestor'
1027 2374 1270 2440 contumeliose
1285 2372 1337 2440 di-

242 2475 367 2540 cendus
382 2482 434 2539 est
453 2474 598 2551 Gellius,
623 2474 714 2558 quod
738 2476 867 2540 variam
889 2481 924 2540 et
944 2477 1128 2542 miscellam
1151 2476 1337 2542 doctrinam

240 2575 446 2660 ‘indigeste’
468 2574 523 2661 (at
548 2577 622 2658 ipse
645 2574 775 2640 Gellius
803 2577 944 2658 ingenue
966 2585 1001 2642 et
1020 2579 1171 2644 modeste
1199 2576 1337 2662 fatetur)

239 2679 338 2744 nobis
360 2678 519 2759 tradidit3
544 2677 674 2764 (revera
697 2678 778 2762 quia
801 2680 911 2744 minus
934 2680 1115 2746 honorifice
1140 2681 1182 2746 de
1205 2681 1335 2748 Seneca

239 2782 373 2847 homine
389 2781 546 2864 Hispano
561 2780 774 2845 existimasse
787 2779 956 2862 videtum)
971 2803 1038 2849 non
1050 2782 1149 2848 video
1165 2784 1334 2867 prolecto,

239 2905 307 2970 quo
321 2889 424 2969 pacto
438 2883 653 2948 hononorem
668 2881 835 2965 effugiant,
850 2891 910 2948 aut
925 2881 1084 2950 Veterum
1099 2886 1260 2969 plerique,
1276 2889 1337 2970 qui

238 2986 367 3063 ποικίλην
391 2984 515 3071 ἱστορίαν
539 2991 573 3050 et
594 2985 719 3050 similia
741 2985 919 3068 scripsere,
941 2995 1043 3069 atque
1066 2987 1101 3052 in
1126 2987 1178 3052 his
1202 2987 1333 3054 Plinius

238 3090 378 3169 Junior;
410 3087 458 3172 (is
480 3090 597 3152 etenim
620 3088 795 3171 Epistolas
818 3088 927 3154 edidit
947 3109 1014 3154 non
1028 3097 1161 3156 servato
1176 3091 1333 3172 temporis

240 3192 378 3257 ordine:
407 3193 538 3271 ‘neque
561 3188 671 3266 enim,'
692 3189 813 3273 inquit,
835 3191 1031 3255 ‘historiam
1058 3192 1299 3274 componebam
1314 3189 1334 3270 ;'

238 3293 299 3358 sed
322 3299 360 3357 ut
382 3311 525 3376 quaeque
549 3292 586 3355 in
605 3310 725 3356 munus
748 3299 893 3358 venerat
936 3293 981 3358 V.
1000 3294 1024 3357 l.
1041 3310 1065 3356 ι.
1082 3292 1192 3377 Epist.
1208 3289 1251 3377 ι.)
1275 3299 1335 3358 ant

237 3395 430 3460 recentioris
445 3400 545 3476 atque
558 3398 678 3460 nostrae
693 3395 862 3459 memoriae
884 3395 1081 3477 Scriptores,
1096 3394 1182 3458 Phil.
1199 3394 1333 3458 Beroal-

238 3496 313 3575 dus,
328 3493 384 3560 Jo.
400 3496 559 3579 Baptista
583 3494 680 3572 Pius,
705 3495 935 3580 Hieronymus
960 3493 1105 3576 Magire,
1129 3495 1246 3562 Franc-
1263 3496 1332 3562 Ro·

236 3598 409 3675 bortellus,
433 3596 489 3662 Jo.
513 3597 689 3673 Brodaeus,
712 3595 761 3660 Μ.
783 3595 954 3662 Antonius
978 3596 1141 3675 Muretus,
1167 3599 1332 3664 innumeri

236 3699 294 3763 alii
323 3697 622 3763 Miscellaneornm
651 3697 850 3781 Scriptores,
872 3701 929 3782 qui
950 3697 1093 3784 ῥαψωδιαν
1112 3698 1232 3784 (verbo
1257 3707 1331 3766 utor

235 3798 420 3883 Ludovici)
434 3799 621 3864 Gellianam
637 3801 691 3866 vel
706 3802 808 3866 tacite
823 3801 944 3866 imitati
959 3807 1045 3880 sunt,
1060 3802 1116 3866 vel
1130 3821 1205 3868 sese
1220 3803 1331 3870 imita·

236 3910 291 3967 tos
305 3903 419 3986 palam
434 3901 640 3985 profitentur.

279 4002 581 4070 commentationes
598 4023 678 4069 suas
691 4004 863 4087 inscripsit
875 4003 910 4067 N
914 4020 1030 4070 ocras
1045 4003 1228 4082 Atridas,
1244 4024 1330 4089 quo-

235 4105 326 4168 niam
340 4103 532 4190 longinquis
547 4126 608 4190 per
621 4105 772 4190 hyemem
787 4107 940 4172 noctibus
954 4107 988 4170 in
998 4126 1079 4189 agro
1090 4115 1185 4172 terrae
1201 4105 1329 4172 Atticm

234 4205 348 4272 ludere
362 4225 403 4272 ac
417 4207 528 4273 facere
543 4228 602 4274 eas
617 4227 760 4274 exorsus
773 4207 889 4278 suerat.
936 4208 1024 4288 Quae
1038 4209 1173 4293 quidem
1188 4211 1332 4278 innoxia
