3076 4866
422 415 471 464 nn
495 413 587 462 1111
613 413 659 460 nr
683 411 805 461 ausus
829 413 864 462 Δ.
887 413 1030 466 cancri.
1234 400 1277 464 27

176 577 254 624 nem
269 554 368 622 vitre’
384 557 542 639 exigeret.
562 575 597 620 v.
622 556 646 620 1.
670 572 706 618 v.
726 576 757 621 c.
780 556 833 620 15.
878 557 1122 623 Rarrournrs
1139 577 1276 643 quoque

174 679 244 724 non
258 659 451 743 imperitum
465 679 541 725 eum
556 659 659 724 fuisse
679 659 789 742 liquet
811 677 856 724 ex
880 660 903 724 l.
921 677 1002 724 xvi.
1017 678 1046 726 c.
1062 659 1093 724 S.
1120 659 1226 725 ‘Cum
1240 663 1276 728 iu

175 761 375 845 disciplinas
388 761 584 828 dialecticas
607 761 723 826 induci
743 767 845 846 atque
859 763 964 826 imbui
981 763 1162 840 vellemus,'
1186 765 1275 830 coni.

177 884 273 948 seqq.
288 864 455 947 usquead
471 862 584 942 finem,
608 863 692 928 item
712 879 793 928 xvr.
819 864 853 930 2.
881 865 1042 929 1111111.
1058 865 1136 930 112.
1158 863 1275 930 Taceo

174 968 218 1033 de
234 967 457 1044 Naronem,
484 964 583 1048 cujus
597 963 792 1049 specimina
806 965 936 1050 passim
951 964 1031 1042 edit,
1047 983 1091 1030 ex
1105 965 1274 1033 memoriis

174 1069 335 1152 antiquis,
350 1087 395 1132 ex
410 1065 606 1144 Aristotele,
630 1065 833 1146 Democrito,
857 1067 980 1145 Plinio,
996 1067 1136 1151 Nigidio
1153 1067 1274 1151 Figulo

174 1170 320 1254 aliisque
334 1176 483 1236 enotata.

218 1272 243 1338 J
247 1289 594 1339 uurssnunsuurarr
611 1279 816 1358 quantopere
830 1273 980 1353 coluerit,
995 1281 1035 1339 ut
1049 1273 1201 1359 oportuit
1215 1273 1274 1340 ho-

171 1376 298 1441 minem
315 1375 455 1460 judiciis
483 1377 641 1443 ciuilibus
665 1381 877 1460 occupatum,
896 1375 1154 1461 locupletissimi
1170 1383 1273 1442 testes

173 1483 253 1542 sunt
276 1477 370 1556 scu,
393 1478 541 1564 (1111111,
561 1479 737 1555 Brissonii,
760 1479 896 1556 Budeei,
920 1483 954 1545 et
975 1479 1127 1565 plerique
1149 1499 1274 1558 omnes,

173 1597 319 1663 quorum
332 1579 507 1665 plerasque
523 1581 666 1664 paginas
680 1579 815 1646 Gellius
830 1588 984 1667 occupat,
1007 1581 1137 1648 Gellius
1150 1583 1273 1649 illumi-

172 1688 244 1758 nat,
255 1679 389 1746 Gellius
402 1681 531 1764 implet.
575 1680 691 1766 Atque
705 1685 743 1746 ut
761 1681 797 1746 hi
810 1682 914 1762 illum,
933 1685 983 1750 ita
995 1685 1052 1750 ille
1067 1685 1273 1768 sapientissi-

172 1805 248 1850 mos
262 1783 358 1850 suris
372 1781 557 1866 Magistros
583 1791 713 1849 veteres
732 1785 890 1850 tractavit
909 1785 1037 1850 AElium
1051 1785 1272 1862 Tuberonem,

174 1885 335 1952 Alienum
348 1885 487 1965 Varum,
503 1885 550 1964 Q.
565 1885 748 1952 Antistium
763 1886 969 1966 Labeonem,
997 1886 1036 1954 G.
1052 1887 1191 1952 Ateium
1207 1886 1272 1953 Ga-

171 1989 339 2073 pitonem,
362 1987 538 2053 Gaecilium
558 1987 706 2066 Gallum,
729 1986 872 2054 (laelium
894 1996 928 2054 et
950 1989 1153 2056 Massurium
1172 1991 1272 2056 Sabi-

171 2111 245 2170 nos,
260 2091 454 2158 Scaevolam
465 2098 654 2176 utrumque,
671 2091 710 2158 0.
731 2092 964 2176 Sempronium
979 2091 1181 2170 Gracchum,
1195 2092 1272 2156 Ser-

171 2194 264 2258 vium
291 2195 491 2278 Sulpicium,
520 2193 739 2260 Ciceronem:
768 2194 935 2278 praeclara
956 2194 1016 2258 ilia
1038 2193 1101 2258 sori
1127 2193 1271 2262 Rotnani

171 2295 314 2374 lumina,
336 2305 375 2362 ut
395 2296 438 2362 de
460 2298 564 2361 variis
588 2297 743 2380 Legibus,
768 2296 880 2375 sctis,
910 2295 1048 2374 Edictis,
1074 2295 1271 2360 Plebiscitis

172 2395 259 2462 nihil
284 2397 409 2462 dicam.
455 2399 563 2463 Porro
592 2417 669 2463 cum
693 2397 884 2480 Philologia
913 2396 1043 2464 auxilio
1068 2396 1269 2463 Hrsromn

171 2517 415 2583 usquequaque
443 2500 577 2584 indiget,
603 2519 645 2564 en
670 2499 907 2565 bibliothecam
931 2498 1033 2568 Gellii
1053 2499 1269 2565 historicam!

170 2621 215 2666 eu
238 2601 462 2681 Tuberonem,
485 2603 528 2668 A.
552 2603 723 2681 Albinum,
745 2601 922 2680 1101111.
946 2599 1214 2685 Quadrigarium,
1229 2601 1269 2666 L.

172 2703 367 2770 Cornelium
383 2705 524 2789 Syllam,
546 2703 646 2768 Corn.
669 2704 846 2787 Nepotem,
866 2702 917 2768 M.
932 2702 1073 2768 Fabium
1088 2705 1269 2780 Pictorem,

171 2805 234 2872 Gn.
261 2806 421 2884 Gellium,
446 2805 489 2885 Q.
519 2805 691 2871 Valerium
723 2805 910 2884 Antiatem,
931 2804 1061 2872 Julium
1083 2804 1268 2890 Hyginum,

170 2909 389 2987 Tuditanum,
406 2909 445 2974 C.
471 2907 632 2992 Oppium,
655 2909 695 2974 L.
722 2909 888 2984 Pisonem,
911 2906 951 2972 L.
972 2907 1127 2972 Cassium
1149 2907 1270 2972 Hemi-

169 3029 263 3089 nam,
291 3011 524 3094 Sempronium
552 3009 774 3088 Asellionem,
804 3009 843 3076 L
865 3009 1054 3086 Sisennam,
1084 3007 1269 3076 (1811110-

170 3113 266 3178 nium
288 3112 531 3196 Tranquillum,
554 3111 762 3189 Sallustium,
784 3115 844 3178 &c
865 3118 966 3176 etex
992 3109 1126 3176 Graecia
1156 3107 1269 3192 Epho-

171 3233 260 3291 rum,
275 3213 520 3290 Dicaearchum,
537 3213 744 3291 Clearchunr,
760 3211 979 3292 Herodotum,
995 3211 1268 3296 Xenophontem,

169 3317 350 3393 Timaeum,
379 3315 603 3394 Hellanicum,
632 3314 875 3398 Thucydidem,
905 3313 1121 3380 Heraclidem
1151 3312 1269 3379 Ponti·

170 3437 262 3494 cum,
289 3416 555 3500 Theopompum,
584 3415 834 3494 Philochorum,
864 3415 1065 3500 Appionem,
1100 3413 1268 3482 Aristecm

172 3519 645 3602 Prwonnesium,1sigcnum
669 3519 896 3598 Nicoeeusem,
919 3519 1078 3601 (iterium,
1102 3518 1269 3584 Onesicri-

170 3632 256 3702 tnm,
272 3623 469 3706 Hegestam,
492 3621 808 3705 Philostephanum,
827 3622 1059 3706 Hermippum,
1079 3621 1268 3707 Polybium,

171 3724 435 3810 Xenophanem,
455 3743 542 3810 quos
560 3725 688 3808 passim
703 3743 781 3790 curn
794 3723 992 3806 fragmentis
1014 3725 1155 3806 allegat!
1198 3725 1267 3792 De·

169 3827 272 3913 nique
286 3849 330 3893 ne
347 3829 577 3894 Mnnrcmnrr
592 3827 728 3912 quidem
741 3825 867 3892 Noster
880 3827 1055 3909 ignoravit,
1066 3846 1166 3909 quam
1176 3845 1267 3909 pror-

170 3947 231 3994 sus
245 3931 373 3994 nescire
392 3935 488 4014 turpe
515 3935 548 3994 et
572 3929 750 3994 liberaliter
774 3927 925 3994 instituto
947 3928 1082 3994 homine
1095 3928 1266 4010 indignum

164 4031 299 4116 judicat
322 4032 347 4097 l.
368 4047 482 4096 xvrrr.
505 4053 535 4097 c.
559 4031 612 4096 10.
634 4031 735 4096 ‘Hoc
760 4051 822 4113 ego
845 4037 965 4114 postea
984 4049 1061 4096 cum
1083 4029 1118 4093 in
1135 4029 1268 4096 medico

169 4133 406 4216 reprehensum
420 4153 496 4198 esse
511 4135 752 4210 meminissem,
767 4132 958 4197 existimavi
970 4151 1037 4196 non
1047 4130 1177 4197 medico
1190 4134 1266 4210 soli,

170 4235 233 4302 sed
247 4238 400 4304 omnibus
415 4235 745 4322 quoque-homiuibus
756 4235 870 4300 liberis
880 4233 1124 4319 liberaliterque
1133 4234 1268 4302 institu-
