3076 4866
213 412 236 476 6
589 422 721 472 incorr
745 421 929 470 cnonovrr

208 570 407 656 jamdudum
422 575 476 634 est
490 586 566 632 cum
585 564 752 648 impartivi
769 562 896 646 aliquid
914 582 1036 647 operae,
1051 569 1085 628 et
1098 565 1176 648 plus
1192 564 1308 632 debeo.

215 672 349 737 Contuli
364 672 544 736 enimcum
559 666 735 732 codicibus
749 667 847 730 bonae
869 672 974 742 notae,
995 671 1030 730 et
1049 667 1177 751 sylvam
1191 669 1311 751 paravi

212 777 462 840 observatorum
477 791 545 835 non
560 768 788 853 spernendam,
803 786 905 850 quam
920 787 1059 851 nupera
1072 769 1168 834 livio
1179 789 1307 834 vacuus

214 877 359 958 digerere
374 877 476 957 coepi,
497 892 558 936 nec
573 891 661 935 nunc
677 871 769 934 aliud
785 871 1009 951 agerem,.nisi
1024 891 1076 936 me
1091 872 1136 936 ad
1151 871 1309 936 Tacitum

214 981 393 1044 avocasset
406 975 602 1040 Elzevir'ius.
649 973 769 1056 ltaque
792 970 960 1037 diffindam
982 974 1031 1037 illi
1051 974 1140 1040 diam
1157 973 1308 1056 compel-

213 1085 281 1147 lor:
296 1101 360 1144 non
375 1079 484 1164 abjeci
511 1085 634 1154 tamen,
659 1076 717 1140 sed
743 1075 928 1140 identidem
949 1095 1097 1155 resumo,
1117 1083 1151 1140 et
1165 1079 1197 1141 si
1212 1075 1307 1142 Deus

215 1185 295 1266 Opt.
311 1182 409 1247 Max.
425 1181 528 1245 vitam
543 1187 577 1244 ct
591 1181 680 1243 vires
703 1180 807 1256 dabit,
831 1179 944 1243 multis
969 1179 1122 1262 parb'bus
1146 1199 1222 1243 cnm
1246 1179 1308 1243 tibi

213 1285 401 1354 nitidiorem
422 1285 549 1347 sistam.
594 1281 662 1345 Hic
678 1288 713 1346 tu
726 1281 804 1344 vide
818 1299 861 1343 au
877 1285 970 1343 tuum
985 1281 1071 1345 illud
1085 1285 1178 1344 vetus
1193 1299 1308 1344 exem·

213 1387 287 1472 plar
295 1386 482 1470 symbolam
489 1384 571 1448 mibi
583 1384 730 1450 conferre
740 1383 845 1447 velis:
862 1384 936 1447 sive
946 1383 1060 1465 ipsum
1071 1383 1185 1448 mittas
1197 1381 1308 1468 (quod

214 1489 347 1574 quidem
363 1489 527 1570 optimum
542 1487 620 1551 erit:
645 1486 705 1550 sed
723 1505 847 1563 vereor,
863 1505 903 1549 ue
918 1485 964 1551 sit
976 1487 1165 1569 improbum
1180 1483 1309 1550 deside·

203 1576 315 1655 'tium
338 1591 453 1672 itaque
469 1590 500 1654 si
514 1591 705 1670 morabere,
720 1607 786 1650 non
799 1589 925 1652 irascar
941 1585 1020 1671 tibi)
1044 1587 1119 1651 sive
1131 1586 1310 1651 varietates

214 1711 391 1776 excerpas,
418 1699 478 1755 aut
508 1693 551 1755 ab
581 1691 714 1754 homine
742 1691 904 1754 industrio
925 1691 1063 1774 excerpi
1088 1709 1194 1755 caves.
1237 1689 1309 1754 Sed

214 1804 292 1858 aute
308 1796 420 1858 omnia
434 1793 624 1868 videndum,
643 1811 685 1855 an
702 1791 748 1854 sit
763 1792 855 1855 tanti.
899 1791 1018 1874 ltaque
1038 1791 1309 1873 coangustiata

213 1897 405 1962 membrana
428 1897 570 1978 scriptus
593 1896 648 1971 sit,
670 1914 712 1957 au
734 1895 769 1956 in
790 1894 926 1958 chariat
946 1913 1046 1977 quam
1067 1893 1213 1976 opineris
1228 1901 1309 1958 aeta·

213 1999 303 2062 oeml
349 1997 470 2062 Graeca
492 1998 613 2061 babeat
632 2015 805 2080 expressa,
824 2015 867 2059 an
882 1996 1092 2060 dissimulati
1112 1996 1238 2078 integer
1251 1997 1308 2073 sit,

212 2119 255 2164 au
271 2107 308 2164 ut
322 2099 504 2183 pleriquea
519 2119 607 2163 nono
622 2106 681 2163 aut
696 2099 828 2162 decimo
841 2099 927 2163 libro
941 2099 1072 2164 initium
1087 2099 1217 2164 saciati
1231 2106 1266 2164 et
1278 2099 1312 2164 si

210 2203 338 2281 integer
351 2207 412 2278 est,
429 2221 471 2265 an
486 2201 732 2278 Praelationem,
757 2221 835 2284 quae
856 2203 892 2265 iu
913 2203 1058 2284 vulgatis
1077 2201 1121 2266 ad
1135 2201 1234 2266 finem
1250 2202 1311 2267 ad·

211 2305 321 2380 haesit,
335 2323 398 2367 suo
413 2304 489 2368 loco
499 2305 646 2367 babeatl
662 2305 744 2368 item
760 2311 799 2368 ut
812 2305 985 2387 concipiat
998 2305 1198 2388 principium
1212 2305 1269 2369 lib.
1284 2323 1309 2370 r.

212 2423 289 2487 cap.
307 2421 331 2466 1.
355 2404 583 2468 ‘Plutarchus
599 2407 633 2468 iu
653 2405 750 2482 libro,
772 2423 873 2488 quem
886 2407 1004 2470 scribit
1025 2403 1110 2482 ὁπόση
1132 2407 1235 2492 ψυχῶν
1257 2406 1306 2469 nal

212 2505 355 2586 σωμάτων
374 2505 434 2590 περὶ
457 2507 572 2582 εὐφυΐαν
594 2507 642 2570 καὶ
665 2509 764 2592 ἀρετὴν
785 2506 922 2593 irasmi}
936 2511 997 2574 duc.
1018 2507 1306 2593 longitudinisque

212 2607 373 2674 Herculis
400 2611 607 2691 praestantia.
652 2610 765 2694 longe
793 2609 893 2675 aliter
914 2611 1006 2674 euim
1028 2611 1148 2694 optimi
1173 2613 1306 2694 quique.

212 2711 302 2775 Haec
323 2711 423 2792 igitur
445 2731 504 2775 oro
528 2719 575 2786 te,
604 2711 726 2776 doceas
749 2733 850 2794 quam
870 2712 1033 2795 primum!
1075 2711 1131 2776 Ad
1146 2731 1223 2796 quae
1239 2712 1305 2778 boc

212 2831 311 2877 sensu
341 2813 513 2895 respondit
534 2812 720 2878 Sabellarus
744 2815 796 2878 15.
821 2815 936 2888 Martii
959 2813 1055 2881 1667.
1100 2815 1170 2879 ‘In
1192 2815 1306 2881 Gellio

211 2913 420 2978 reformando
436 2921 468 2978 te
483 2923 689 2997 occupatum
702 2935 778 2979 esse
792 2917 1018 2980 lubentissime
1031 2916 1145 2981 audio.
1166 2915 1307 2983 Scilicet

211 3020 267 3080 aut
282 3023 317 3079 tu
331 3035 406 3080 eum
426 3017 583 3080 restitues
603 3017 715 3093 nobis,
731 3027 790 3081 aut
811 3037 918 3081 nemo.
964 3017 1083 3100 ltaque
1098 3018 1141 3082 ad
1157 3017 1221 3082 hoc
1236 3025 1306 3084 mm

211 3117 375 3199 egregium
391 3117 516 3199 diuque
532 3123 733 3199 exoptatum
748 3138 877 3197 munus,
893 3137 962 3201 quo
977 3119 1094 3184 beabis
1105 3120 1218 3184 orbem
1232 3139 1306 3184 ern·

210 3219 326 3295 ditum,
343 3220 430 3281 vires
445 3217 735 3304 valetudinemque
759 3221 818 3285 tibi
838 3241 860 3285 a
885 3222 1000 3286 divina
1021 3223 1129 3304 gratia
1143 3241 1188 3286 ex
1202 3224 1304 3288 corde

210 3339 336 3404 precor.
382 3321 434 3384 De
448 3340 522 3384 meo
533 3321 647 3386 codice
663 3325 712 3388 sic
722 3324 808 3388 habe
818 3325 976 3389 breviter:
998 3325 1165 3407 Scriptum
1180 3327 1304 3390 esseio

209 3423 412 3500 membrana,
427 3422 534 3486 literis
549 3443 613 3487 nou
627 3425 883 3508 inelegantibus,
898 3425 1066 3509 viderique
1078 3433 1302 3493 trecentorum

210 3523 342 3588 circiter
363 3543 522 3588 annorum
545 3531 682 3589 aetatem
704 3526 838 3591 referre.
883 3528 923 3591 Iu
939 3527 1065 3609 pagella
1080 3529 1188 3609 prima
1201 3549 1305 3592 mem-

210 3627 376 3690 branacea
393 3627 466 3691 baec
490 3627 654 3691 habentur
669 3630 810 3712 scripta:
834 3629 1025 3692 ‘Nicolaus
1042 3628 1203 3694 Beraldus
1218 3637 1305 3694 attu-

209 3728 282 3792 lite
300 3728 456 3792 Massilia
472 3726 536 3791 An.
558 3728 664 3794 1533?
707 3730 876 3808 subditur,
898 3729 957 3794 sed
982 3730 1049 3793 alia
1072 3749 1187 3794 manu:
1211 3732 1303 3796 ‘llx-

209 3831 334 3913 emplar
358 3829 517 3893 infidum?
560 3829 701 3895 Inversa
727 3831 815 3895 facie
838 3831 956 3914 legitur
978 3831 1111 3894 rubrica
1131 3839 1302 3899 notatum:

210 3932 320 3995 ‘noa
340 3932 363 3995 J
365 3935 483 3996 oannis
507 3931 612 3995 Lunae
629 3941 664 3995 et
678 3935 859 3996 amicorum
875 3931 1030 3996 suornm?
1074 3931 1183 4011 Quali
1195 3935 1302 3998 ruini-

209 4053 261 4110 ca,
273 4054 337 4097 nou
353 4054 397 4097 ex
412 4035 514 4098 minio
525 4034 578 4096 vel
588 4036 770 4112 cinnabari,
781 4035 842 4099 sed
854 4035 943 4116 ligno
954 4035 1149 4098 Brasilicnsi
1160 4041 1304 4101 excocta

209 4157 283 4201 curn
299 4146 333 4200 et
355 4135 477 4200 Graeca
499 4138 624 4221 scripta
646 4139 712 4200 sint
736 4138 770 4200 in
794 4137 882 4200 libro
908 4137 996 4218 ipso,
1018 4155 1239 4220 quaecumque
1254 4139 1303 4203 ibi

209 4244 337 4316 extant,
355 4237 397 4301 de
409 4237 540 4302 illorum
556 4245 655 4303 aetate
669 4237 786 4303 licebit
801 4236 910 4300 forsan
922 4236 1049 4319 aliquid
1061 4237 1223 4319 colligere.
1259 4239 1301 4303 Iu
