3076 4866
308 374 399 421 uun:
418 371 545 420 cuunrr
571 371 763 422 ranrnrro
789 376 826 423 tn
854 375 1000 426 necrus
1021 377 1190 425 ur'rrcus.
1255 364 1298 431 tt

202 533 266 580 nes
278 523 412 580 essent:
436 509 571 598 quando
583 517 712 581 animus
724 519 1101 597 εοηιιη,ἱιιίετειῑὶῐίοιιεὴ
1116 520 1230 603 aliqua
1240 539 1298 584 ne·

203 617 370 700 gotiomm
383 617 473 694 data,
488 615 619 682 laxari‘
641 619 868 703 indulgerique
888 623 1062 703 potuisset.
1106 621 1168 686 Usi
1185 629 1296 685 autem

204 737 320 782 sumus
333 719 451 784 ordine
476 737 581 784 rorum
604 720 754 800 fortuito,
780 742 879 806 quem
907 729 1007 788 antea
1031 726 1068 789 in
1088 725 1297 807 excerpendo

203 820 397 886 feceramus.
448 821 481 886 2.
505 822 596 886 Nam
612 823 768 904 perinde³
786 829 819 888 ut
829 825 950 888 librum
962 845 1126 909 quomque
1135 826 1166 889 in
1176 843 1296 888 manus

203 941 358 1005 ceperam
385 942 443 988 seu
471 921 630 989 Graecum
652 943 714 987 seu
736 925 901 1003 Latinum,
925 926 977 990 rel
1004 926 1085 1009 qnid
1109 935 1295 991 memoratu

203 1023 338 1106 dignum
354 1025 536 1100 audieram,
546 1029 607 1104 ita,
619 1045 697 1110 qna:
711 1027 841 1092 libitum
854 1033 936 1106 erat,
951 1032 1047 1114 cujus
1061 1029 1190 1111 generis
1205 1049 1295 1093 cum·

203 1143 269 1209 que
290 1131 394 1206 erant,
410 1126 602 1192 indistincte
624 1136 726 1211 atque
748 1130 914 1211 promisce
934 1131 1154 1195 annotabam:
1187 1151 1293 1214 eaque

200 1227 284 1292 mibi
298 1227 340 1292 ad
356 1227 541 1293 subsidium
557 1232 738 1309 momoriae,
760 1233 859 1317 quasi
875 1231 1040 1315 quoddam
1056 1233 1219 1298 literarum
1235 1253 1294 1316 pe·

201 1329 290 1407 nus,d
315 1330 554 1412 recondebam
584 1338 631 1410 nt,
658 1335 791 1417 quando
812 1354 892 1400 usus
912 1335 1059 1398 vertisset
1084 1341 1142 1398 aut
1163 1336 1211 1398 rei
1235 1342 1295 1399 aut

201 1431 307 1508 verbi,
328 1433 423 1516 cujas
445 1451 506 1504 me,
528 1453 645 1516 repens
674 1435 762 1500 sorte
788 1435 915 1500 oblivio
941 1438 1121 1514 tenuisset,⁸
1143 1445 1177 1500 et
1203 1437 1292 1513 libri,

201 1550 247 1594 ex
272 1531 393 1614 quibus
416 1553 457 1598 ea
479 1553 674 1614 sumseram,
698 1555 763 1600 non
787 1535 955 1614 adessent,
975 1537 1075 1602 facile
1095 1538 1171 1602 inde
1194 1539 1292 1602 nobis

200 1633 335 1700 inventu
362 1645 464 1720 atque
487 1636 657 1720 depromta
678 1634 788 1703 toret!
827 1637 861 1701 3.
886 1637 993 1702 Facta
1007 1639 1170 1720 igiturest
1191 1641 1226 1702 in
1240 1639 1292 1702 bis

198 1753 334 1818 quoqne
350 1738 592 1802 commentariis
615 1738 733 1803 eadem
754 1758 861 1803 rerum
884 1739 1118 1822 disparilitas,⁸
1139 1759 1214 1824 quae
1229 1739 1292 1803 fnit

194 1836 233 1900 in
247 1837 317 1901 illis
331 1839 602 1904 annotationibus
617 1841 786 1923 pristinis:
809 1861 896 1925 quas
918 1843 1059 1907 breviter
1080 1847 1112 1907 et
1124 1842 1288 1924 indigeste

199 1935 419 2004 otinconditc
437 1940 705 2019 eruditionibus,i
727 1943 991 2020 tractationibus,
1016 1943 1291 2026 lectionibusque

196 2041 300 2104 variis
314 2039 523 2106 feceramus
565 2041 632 2106 Sed
657 2044 813 2126 quoniam
834 2044 1035 2128 longinquis,
1051 2065 1108 2128 per
1128 2045 1291 2129 hyemem,

198 2143 355 2207 noctibus
368 2143 402 2208 in
418 2163 510 2226 agro,
524 2144 624 2210 sicuti
640 2145 722 2223 dixi,
738 2153 831 2212 terrae
848 2146 972 2212 Atticae
989 2139 1291 2211 commentationes

197 2245 301 2308 hasce
315 2243 428 2309 ludere
442 2265 482 2310 ac
492 2244 603 2312 facere
616 2247 729 2312 exorsi
745 2267 884 2330 sumus:
906 2246 1035 2312 idcirco
1047 2266 1104 2311 eas
1118 2245 1291 2328 inscripsi-

230 2443 402 2495 bcorrutione.
468 2447 618 2498 ‘Reoreori
697 2445 909 2512 “Receptacula
985 2447 1293 2510 ‘thuuudropuuenen

196 2511 347 2570 nutritorio:
357 2513 393 2560 rei
408 2511 446 2560 nel
453 2512 589 2572 oniisrrte
597 2511 683 2561 oblitus
692 2525 773 2562 enen.
837 2511 849 2543 f
863 2512 945 2562 Facile
954 2510 1083 2562 invenirem
1094 2518 1117 2561 et
1134 2511 1251 2560 tarmen
1262 2522 1292 2556 ee

196 2571 235 2619 bie
245 2574 425 2627 commentariis.
490 2583 503 2620 t
523 2575 639 2627 Varietos.

656 2717 834 2740 mo

194 2815 386 2880 pfflriqumt:
401 2816 631 2866 dimutttiertu.
667 2817 702 2866 Er
720 2817 823 2868 teneri
845 2817 920 2882 Atqui
937 2818 996 2867 ludu
1014 2817 1105 2868 Murem
1126 2820 1187 2879 rupe
1209 2817 1291 2880 omini,

196 2881 294 2944 quippe
306 2881 374 2943 qnod
391 2881 519 2931 interdurn
530 2889 557 2930 et
568 2881 702 2931 exordium
714 2883 837 2934 sermonis
849 2883 941 2932 ornet!
957 2885 984 2932 J.
996 2883 1039 2933 Fr.
1054 2884 1193 2932 Gronovius.
1217 2881 1289 2946 ‘Ap-

196 2952 273 3007 paret
284 2948 436 3010 cuicumque
454 2945 563 2995 acutiori
583 2960 615 2994 en
632 2945 683 2994 tide
696 2947 795 3010 optimu
808 2948 881 3010 Regii
894 2947 991 2996 codicia
1000 2947 1031 2995 ub
1044 2945 1129 2995 Gellio
1140 2941 1289 3010 nibileerip·

196 3017 252 3058 tum
261 3023 317 3058 esre
328 3019 518 3086 praeterquam:
535 3010 683 3059 ducundioro
693 3013 741 3060 elio
749 3011 848 3075 reperiri
857 3017 950 3074 queunt.
976 3011 1011 3060 At
1022 3011 1071 3070 tec,
1082 3015 1108 3059 ut
1118 3010 1185 3059 liiriu
1194 3025 1291 3074 quoque,

194 3074 244 3136 &el
260 3075 319 3126 Juc.
331 3075 485 3124 Gronovius.
518 3075 570 3124 Pro
586 3075 686 3137 reperiri
705 3077 860 3139 impressere
882 3075 995 3124 nonnulli
1018 3075 1165 3138 requiri-t
1185 3075 1290 3124 Proinde

195 3139 316 3202 vulp-4
333 3139 364 3188 ln
381 3139 433 3188 tta.
453 3139 517 3202 lieg.
534 3139 658 3202 scriptum
676 3146 731 3188 eet:
757 3153 814 3205 pou
832 3140 935 3189 breviter
951 3145 974 3188 et
994 3139 1110 3200 indigente
1127 3145 1151 3188 et
1170 3139 1289 3188 inmndite

194 3203 372 3266 mdionibue,
387 3201 566 3266 lectionibusque
578 3217 601 3251 o.
607 3203 741 3263 sererentur
751 3219 760 3250 .·
769 3205 875 3268 optime,
885 3213 1008 3254 renuente
1027 3203 1173 3252 Lambrcio.
1190 3205 1288 3252 ‘Anno-

196 3267 334 3330 tutiouibue,
351 3267 539 3328 tractationibus,
553 3268 734 3331 lectionibusque
745 3267 829 3332 eorde]
839 3269 907 3318 Satis
918 3269 966 3318 boo
978 3269 1102 3318 absonum
1113 3275 1191 3332 atque
1200 3267 1289 3317 abbor-

194 3343 271 3378 rene:
290 3332 487 3382 ‘annotationes
500 3330 587 3381 furere
604 3334 812 3382 annotationibus
821 3333 839 3380 :’
871 3333 965 3398 ltaque
976 3333 1011 3384 tt.
1025 3332 1171 3408 Stephanus
1182 3331 1287 3382 obremu-

194 3393 299 3442 tioniiur
309 3396 422 3458 subjicit.
446 3395 503 3444 Duo
515 3395 606 3457 optimi
619 3397 713 3458 Regius
722 3405 749 3446 et
758 3395 971 3458 Rottendortirtu3
986 3397 1105 3446 incondite
1118 3395 1286 3445 eruditionibus

193 3459 374 3522 munitusque
383 3475 406 3509 e.
418 3459 473 3508 elne
482 3462 517 3522 τῷ
525 3460 756 3524 tractationibnrqre.
791 3461 878 3526 Atque
887 3462 935 3511 etsi
948 3461 1096 3510 insolentior
1107 3459 1226 3508 rideatur
1235 3473 1285 3508 von

194 3523 389 3587 ‘eruditionee,'
410 3530 484 3573 extat
503 3531 588 3573 tumen
605 3532 632 3572 et
650 3525 718 3588 upnd
738 3526 885 3575 Vitruvium
898 3525 969 3576 lib-r.
981 3540 1039 3590 cup.
1054 3529 1077 3576 1.
1110 3525 1161 3573 Sed
1174 3522 1285 3573 noudum

192 3587 265 3636 eolre
274 3601 315 3636 rer
326 3595 375 3638 eet.
408 3589 491 3639 ernm
504 3589 571 3638 enim
580 3588 646 3638 belle
654 3591 725 3640 cadit
735 3592 743 3618 ¹
753 3591 932 3640 annotationes
941 3588 1026 3640 iacere
1036 3587 1225 3639 eruditionibus
1234 3589 1286 3639 leo·

194 3651 359 3717 tionibnequo
371 3651 392 3700 t’
424 3652 531 3701 sinuit
549 3652 629 3714 aliud,
648 3655 798 3716 propositio
816 3653 986 3704 derideretur.
1022 3654 1088 3704 Dedi
1108 3667 1140 3702 ne
1150 3653 1285 3716 scripsisse

190 3725 326 3767 auctorem
340 3730 448 3767 censeo:
464 3731 516 3780 que
526 3715 580 3776 jot:
591 3717 617 3766 in
634 3713 883 3768 mansuetabatur·
897 3719 1016 3784 pristinu,
1030 3733 1088 3782 quae
1154 3718 1200 3768 iter
1211 3723 1233 3766 et
1246 3717 1281 3766 in·

687 3871 792 3921 NOTAE

185 3993 190 4004 ·
223 3975 235 4008 ⁵
251 3973 718 4040 EruditioeibquItuexmeooeeripto
757 3983 853 4027 uentre
864 3974 992 4026 conlectus
1010 3981 1071 4026 erret
1081 3989 1113 4025 eu
1128 3975 1169 4037 ile,
1180 3971 1214 4026 de
1229 3977 1283 4042 qui·

188 4052 273 4116 Regio
299 4053 365 4116 legit
382 4051 452 4101 idem
477 4050 638 4112 lambecius,
659 4065 718 4102 cum
758 4053 806 4104 buu
822 4053 856 4102 ub
870 4051 927 4100 uliie
946 4050 1043 4102 eruditi
1058 4065 1152 4116 muron,
1169 4058 1199 4104 et
1218 4069 1282 4118 qoee

187 4128 262 4192 prior
274 4128 362 4192 inepte
375 4127 719 4191 beberetorennotutirnibue,
757 4128 862 4193 noeipel
870 4127 989 4190 legimur.

188 4203 718 4272 hedmbuibue.senenrert,unnotuttouee
