3076 4866
259 355 304 420 64
636 368 758 416 INDEX
785 369 964 418 GAPi‘l'UM.

291 516 316 562 t.
334 509 410 564 Quod
421 513 483 574 apte
494 492 690 573 Chrysippnset
706 512 827 576 grsphice
845 513 979 577 imaginem
998 509 1113 563 lustitise
1130 515 1240 566 modulis
1257 517 1349 568 colori·

259 593 358 658 busque
369 591 506 642 verborum
516 591 644 655 depinxit.

291 681 315 723 ti.
332 673 375 723 Lis
393 679 470 736 stque
487 672 621 722 contentio
638 675 862 732 grammaticorum
881 675 969 725 Romen
987 676 1125 727 illustrium
1140 687 1261 729 emanata
1271 695 1349 744 snper

261 769 323 804 cssu
334 753 452 803 rocahro
463 752 590 816 vocabuli,
606 752 674 818 qnod
686 761 736 819 est,
752 757 760 784 ‘
772 756 909 820 egregins!

292 839 316 883 u.
333 832 449 884 cuimodi
464 832 525 893 siut,
539 847 596 897 que
607 835 719 896 speciem
731 835 904 885 doctrinarum
921 836 1046 887 habeant:
1064 838 1110 886 sed
1122 852 1205 902 neque
1218 838 1351 890 delectent

260 929 345 980 neque
356 915 429 964 utilia
437 914 505 976 sint;
521 920 600 978 atque
611 914 672 964 inibi
682 915 716 965 de
727 916 857 967 vocubulis
876 917 1032 978 singularum
1051 918 1153 968 urbium
1169 919 1351 984 regionumque

262 995 411 1046 imaautstis.

294 1081 318 1126 7.
334 1074 410 1128 Quod
421 1074 550 1125 M.Varro
565 1073 613 1124 Co.
625 1073 750 1138 Pompeio
761 1075 864 1126 &ntuli
875 1075 983 1139 primurn
996 1075 1129 1139 designato
1140 1079 1350 1128 commentarium

262 1156 345 1219 dedit,
358 1171 433 1221 quern
445 1153 587 1219 appellarit
597 1154 769 1219 isagogicnm,
784 1155 817 1204 de
826 1153 910 1204 officio
918 1156 1029 1204 Senstns
1038 1154 1156 1205 habendi.

295 1243 318 1288 8.
336 1237 480 1290 Quaesitum
493 1249 550 1285 esse
569 1235 776 1300 dissensumque,
792 1251 824 1286 an
843 1234 984 1300 prefectus
1001 1236 1148 1286 Lutinarnm
1160 1250 1237 1286 cansa
1248 1246 1350 1288 creatus

259 1319 305 1381 jus
319 1317 429 1369 Senatus
439 1316 595 1368 convocandi
611 1317 813 1382 consulendique
828 1317 931 1367 hahent.

553 1496 725 1547 Commentario
735 1494 903 1560 quintodecimo
914 1495 964 1544 noo
974 1495 1064 1545 insunt.

295 1640 319 1686 1.
335 1635 410 1688 Quod
423 1636 448 1685 in
460 1637 493 1689 Q.
503 1635 603 1686 Claudii
614 1635 747 1685 annsiihns
756 1633 881 1698 scriptum
892 1639 942 1697 est,
953 1633 1049 1698 lignum
1060 1631 1171 1682 alumine
1178 1630 1287 1682 oblitum
1300 1643 1351 1680 non

264 1717 365 1766 erdere.

296 1799 320 1844 1.
337 1793 412 1847 Qrtud
424 1794 500 1844 Pisto
510 1793 628 1856 inlibris,
644 1807 707 1858 quos
719 1793 751 1842 de
763 1791 864 1856 iegibus
875 1792 1030 1856 composuit,
1046 1792 1170 1856 largiores
1186 1791 1351 1856 lentioresque

264 1876 291 1924 in
303 1875 426 1925 conviviis
437 1873 645 1924 invitatiunculas
654 1873 706 1922 riui
718 1886 767 1922 raon
779 1872 883 1922 inutiles
895 1885 952 1920 esse
962 1872 1159 1921 existimaverit.

296 1959 319 2006 ⁸·
336 1955 404 2008 Quid
416 1956 454 2004 Μ.
467 1955 559 2005 Cicero
568 1953 602 2004 de
614 1954 742 2018 particula
752 1954 802 2003 iste
813 1953 923 2002 senserit
932 1953 1126 2017 scripseritque,
1142 1967 1199 2016 que
1211 1951 1352 2015 preposita

263 2043 303 2086 est
313 2036 397 2085 verbis
413 2033 550 2097 ‘aufugio'
566 2040 594 2083 et
610 2030 739 2082 ‘auferor’
756 2039 785 2083 et
796 2047 827 2082 sn
839 2033 865 2081 in
878 2032 956 2081 serbo
973 2032 1110 2081 ‘autumo'
1126 2021 1216 2081 eadem
1234 2032 1283 2080 ista
1294 2032 1351 2080 hnc

263 2117 413 2181 propositio
423 2129 480 2166 esse
491 2113 573 2164 rideri
585 2112 689 2164 demat.

293 2200 318 2246 d.
334 2196 452 2246 Historia
461 2195 494 2244 de
504 2193 626 2244 Ventidio
637 2193 720 2242 Besso
735 2192 840 2257 ignobili
856 2191 976 2253 homiue3
993 2206 1069 2257 quern
1082 2192 1190 2255 primum
1202 2192 1235 2242 de
1247 2191 1351 2242 Parthis

262 2276 434 2339 triumphasse
444 2275 574 2324 memorie
584 2273 705 2324 traditum
718 2281 765 2323 est.

293 2361 319 2404 tl.
335 2356 449 2406 Verbum
465 2351 604 2419 ‘prodigo'
624 2368 640 2402 a
652 2353 779 2417 plerisque
791 2352 840 2402 dici
852 2352 995 2416 improprie
1013 2352 1162 2417 insciteque.

295 2440 319 2484 6.
335 2435 367 2484 Ιιι
383 2434 451 2484 libro
469 2435 507 2482 M.
526 2433 658 2482 Ciceronis
674 2432 706 2480 de
722 2433 804 2494 gioria
814 2432 928 2481 secundo
939 2431 1103 2482 menifestum
1115 2447 1174 2482 ease
1184 2437 1309 2494 errulum,
1323 2433 1350 2481 in

262 2529 293 2566 cs
304 2525 387 2578 parte,
403 2516 430 2564 ln
442 2529 493 2580 que
503 2513 625 2577 seriptum
637 2520 678 2562 est
688 2526 765 2576 snper
775 2513 893 2563 Hectore
904 2522 931 2563 et
941 2513 1032 2576 Ajaoe.

294 2601 319 2646 7.
336 2595 510 2646 Observatum
527 2609 584 2644 esse
601 2595 628 2644 in
646 2595 758 2658 senibus,
773 2594 840 2659 qnod
852 2609 945 2644 annum
956 2594 1012 2644 lere
1024 2595 1108 2644 sststis
1121 2593 1225 2643 tertium
1237 2599 1265 2642 et
1275 2606 1350 2641 sesa-

263 2677 386 2741 gesimum
399 2681 532 2740 ngsutsut
548 2675 677 2724 laboribus
697 2681 741 2725 sut
757 2676 864 2726 interitu
876 2682 921 2724 sut
932 2675 1007 2724 clude
1027 2675 1112 2738 aiiqnn
1128 2673 1293 2736 insignitum:
1312 2681 1351 2723 at·

264 2772 313 2821 que
324 2756 387 2806 inibi
398 2770 477 2820 super
486 2756 573 2806 eadem
586 2755 766 2805 observatione
776 2755 922 2818 exemplum
933 2753 1078 2818 appositum
1096 2754 1218 2816 Episioise
1236 2753 1289 2802 diri
1300 2753 1352 2802 Ars·

263 2837 331 2899 gusti
341 2837 372 2884 ed
383 2837 473 2885 Caium
484 2835 572 2884 lilium.

294 2920 318 2965 8.
335 2917 418 2966 boens
430 2929 461 2965 ex
473 2915 588 2966 erutione
607 2914 726 2964 Favorini
742 2914 838 2964 veteris
850 2913 959 2963 orstoris
971 2912 1003 2961 de
1015 2926 1144 2962 scenarum
1154 2919 1231 2976 atque
1241 2913 1350 2961 luxurie

262 2996 472 3060 opprobratinne,
488 3011 539 3061 qus
551 3009 610 3046 usus
622 3001 671 3058 est,
682 3009 740 3044 cum
749 2995 832 3057 legem
844 2993 967 3043 Liciniam
979 2993 1011 3041 de
1021 2998 1106 3041 sumtu
1117 2991 1253 3042 minuendo
1263 2993 1352 3040 sitasit.

249 3087 254 3095 ·
295 3081 319 3126 ⁹.
337 3077 412 3128 Quod
431 3075 550 3126 Caecilius
570 3074 650 3138 pu'e'ta
666 3073 811 3124 ‘frontem’
831 3087 927 3137 genere
945 3071 1013 3122 ririii
1029 3086 1080 3122 non
1099 3071 1210 3135 poetice,
1230 3073 1274 3122 aed
1293 3086 1351 3122 com

263 3157 413 3220 probatione
425 3162 451 3204 et
462 3169 519 3204 curn
532 3155 648 3217 analogia
658 3153 811 3216 appellavit.

296 3239 336 3286 ll).
354 3235 395 3284 De
407 3235 551 3298 voluntario
560 3241 588 3282 et
597 3233 747 3282 admirando
758 3232 863 3282 interitu
873 3231 999 3296 virginum
1008 3231 1176 3282 Milesiarum.

295 3319 333 3364 11.
343 3315 432 3364 Verba
442 3313 660 3364 Senstnsconsuiti
671 3313 704 3362 de
713 3311 845 3375 exigendis
856 3311 920 3361 urbe
930 3314 1011 3362 Romu
1022 3312 1184 3375 philosophis,
1198 3311 1260 3360 ilem
1273 3311 1353 3362 serbe

262 3394 341 3444 edicti
352 3409 496 3457 censorum,
513 3409 563 3458 quo
574 3394 712 3457 improbati
723 3399 751 3442 et
761 3393 867 3444 co'e'rciti
877 3399 946 3456 suut,
962 3393 1008 3457 qui
1026 3392 1187 3456 disciplinam
1198 3392 1351 3442 rhetoricam

263 3476 400 3525 instituere
411 3480 439 3524 et
450 3488 575 3524 exercere
586 3475 673 3524 Romae
685 3479 829 3536 coeperant.

297 3559 337 3605 ts.
354 3557 437 3604 Locus
447 3568 480 3604 ex
491 3555 605 3604 oratione
616 3553 730 3605 Gracchi
740 3553 773 3603 de
792 3552 947 3616 parsImonis
962 3566 994 3601 ac
1012 3552 1044 3600 de
1064 3551 1191 3617 pudicitia
1201 3565 1248 3600 sue
1258 3564 1352 3600 memo·

263 3635 413 3684 tutissimus.

296 3719 337 3764 1³.
352 3717 396 3765 De
409 3714 492 3764 verbis
508 3713 655 3779 inopinatis,
671 3729 728 3779 quse
747 3718 958 3778 utroqueversum
970 3711 1101 3776 dicuntur,
1116 3717 1143 3762 et
1154 3726 1169 3760 s
1179 3711 1353 3776 grammaticis

263 3794 440 3847 ‘communia'
457 3801 589 3844 vocantur.

296 3879 335 3928 lt.
351 3873 427 3927 Quod
446 3875 571 3924 Meteilus
591 3873 745 3924 Numidicus
762 3870 872 3937 figurem
891 3871 1012 3922 cretionis
1030 3885 1123 3920 noram
1144 3885 1176 3920 ex
1196 3869 1352 3920 emtionibus

264 3956 363 4006 Grecis
376 3963 505 4005 mutuatus
517 3961 566 4004 est.

296 4040 336 4085 in.
352 4036 458 4085 ‘Possis
474 4033 551 4084 reiis’
568 4039 596 4084 et
613 4032 710 4096 ‘pessis
729 4031 861 4082 manibus’
878 4031 973 4080 dixisse
982 4033 1103 4096 Veteres,
1120 4043 1170 4081 non
1182 4045 1197 4080 a
1208 4028 1286 4082 serbo
1296 4043 1352 4094 suo,

265 4116 332 4180 quod
344 4123 393 4178 est,
411 4115 530 4178 ‘palium’
545 4113 590 4164 sed
602 4113 739 4174 abelleno,
755 4112 824 4177 quod
838 4119 888 4176 est,
906 4111 1026 4175 ‘pandol

298 4199 336 4244 16.
353 4197 395 4245 De
406 4209 472 4247 noso
482 4209 575 4260 genere
587 4195 710 4245 interitus
721 4193 893 4244 Crotoniensis
903 4193 1015 4243 Milonis.
