3076 4866
436 391 486 442 na
508 389 598 441 vrrs
624 393 670 442 rr
695 391 816 444 annus
841 393 876 444 a.
899 393 1043 444 csnnrr.
1245 379 1290 446 29

186 557 219 602 c.
231 533 284 621 2.)
325 533 476 600 Taurum
505 543 658 602 sectatus
681 534 726 621 (ι.
740 536 794 602 26.
818 553 870 600 ιι.
885 537 938 602 10.
959 535 1290 621 etxv11.8.u))et

186 637 415 721 Peregrinum,
430 637 474 702 ad
495 657 595 722 quem
609 638 794 722 frequenter
808 639 1007 704 ventitavit:
1028 637 1120 723 (ιιι.
1133 636 1205 725 11.)
1219 639 1289 706 Hic

185 739 355 805 conviviis
377 739 622 824 philosophicis
645 746 680 804 et
698 741 924 806 saturnalibus
939 740 1094 804 litorariis
1109 742 1227 806 crebro
1239 743 1290 806 in-

187 843 323 908 terfuit:
344 843 414 929 (ιι.
430 843 483 908 123.
502 859 570 908 xv.
584 843 618 909 2.
634 859 748 908 xvur.
763 842 798 907 2.
814 848 849 907 et
862 839 934 926 13.)
977 842 1049 907 Hic
1063 861 1107 906 ex
1120 843 1215 908 vario
1230 864 1290 910 an·

186 945 354 1012 ditionum
368 947 616 1030 lectionumqne
638 950 799 1028 proventu
821 943 950 1010 Noctes
964 963 1044 1010 snas
1059 945 1203 1010 condere
1218 967 1290 1013 coe·

185 1048 251 1132 pit.
261 1047 347 1134 (rid.
363 1047 504 1113 Praesat.
518 1048 619 1121 Noct.
634 1044 756 1132 Attio.)
781 1047 895 1126 Brevi,
916 1046 1060 1112 Athenis
1077 1054 1110 1114 et
1124 1065 1203 1114 cum
1217 1069 1290 1116 eru·

186 1151 272 1216 ditis
286 1149 551 1216 Atheniensibus
567 1152 618 1216 ita
631 1160 784 1216 vorsatus
799 1155 854 1216 est
879 1149 1014 1215 Gellius
1033 1169 1138 1229 meus,
1160 1155 1199 1215 nt
1214 1159 1290 1218 ante

186 1253 306 1317 oculos
319 1270 490 1338 nunqnam
503 1271 573 1317 non
593 1251 753 1318 hahuisse
765 1253 920 1318 rideatur
933 1259 1138 1336 praeceptum
1153 1252 1291 1319 Cicero·

185 1355 241 1419 nis
255 1354 300 1418 ad
313 1354 465 1418 Marcum
481 1353 588 1419 lilium
603 1355 637 1418 in
653 1353 864 1419 Prooemiol.
881 1369 939 1418 ιιι.
955 1353 998 1417 de
1014 1351 1165 1418 Officiis:
1183 1354 1289 1422 ‘Sua-

186 1457 308 1541 cepisti
324 1475 413 1521 onus
428 1475 530 1539 grave
542 1463 578 1521 et
593 1454 796 1521 Athenarum
812 1459 848 1519 et
862 1453 1044 1537 Cratippit
1063 1452 1106 1518 ad
1118 1473 1289 1538 quoscum

186 1567 346 1643 tanquam
375 1559 419 1624 ad
446 1565 664 1625 mercaturam
693 1557 853 1624 honarum
881 1557 1000 1622 artium
1029 1556 1077 1620 ais
1103 1557 1289 1641 profectus,

184 1661 319 1726 inanem
341 1662 445 1726 redire
459 1660 687 1744 turpissimum
702 1665 768 1736 est,
782 1657 1034 1724 dedecorantem
1050 1665 1084 1724 et
1102 1659 1196 1724 urbis
1210 1679 1289 1742 auc-

186 1763 357 1828 toritatem
373 1763 586 1843 etmagistri.
628 1759 745 1840 Quare
767 1766 931 1844 quantum
954 1761 1082 1825 conniti
1100 1761 1211 1825 animo
1226 1781 1289 1845 po-

185 1870 251 1945 tes,
273 1871 435 1949 quantum
449 1865 566 1930 laboro
580 1862 795 1940 contendero,
816 1863 864 1938 <si
876 1861 1031 1926 discendi
1044 1861 1140 1926 labor
1159 1869 1214 1927 est
1228 1883 1290 1947 po·

185 1967 255 2033 tius
270 1987 371 2050 quam
386 1967 574 2050 voluptas,)
595 1970 728 2030 tantum
749 1963 816 2042 lac,
839 1971 876 2028 ut
889 1961 1039 2029 efficias!
1081 1963 1198 2049 Atque
1214 1965 1289 2032 haro

185 2071 231 2135 de
255 2071 421 2154 praeclara
442 2068 546 2135 Gellii
573 2070 680 2134 nostri
702 2066 967 2150 peregrinatione
989 2067 1117 2132 dixisse
1131 2067 1288 2145 sufficiat,

186 2191 290 2257 qnam
314 2181 391 2238 ante
406 2191 428 2236 a
442 2190 496 2236 ure
511 2169 690 2254 predicari
706 2169 838 2234 memini
852 2169 889 2232 in
908 2167 994 2233 Idea
1014 2169 1179 2234 Historiae
1201 2168 1290 2234 Lite·

186 2275 286 2341 rariec
303 2273 588 2358 noncupant

231 2380 332 2464 §vra
356 2377 483 2442 Redux
508 2377 545 2440 ln
573 2375 721 2460 patriam
742 2393 811 2439 nun
832 2375 983 2460 privatus
1004 2374 1039 2438 in
1062 2373 1135 2439 otio
1156 2377 1289 2440 atatem

186 2481 307 2564 procul
321 2475 544 2564 aliepublica
557 2477 685 2556 habuit,
699 2478 779 2561 quin
790 2478 908 2561 potius
920 2475 1174 2562 pulcherrimum
1189 2483 1290 2560 puta·

186 2584 239 2649 vit
260 2583 304 2648 ad
330 2584 588 2648 emolumentum
610 2597 787 2645 commuue
808 2579 900 2644 domi
923 2578 1049 2656 afferre,
1071 2577 1163 2662 qnod
1192 2583 1289 2644 tanto

74 2709 86 2734 κ
184 2686 272 2751 foris
286 2703 388 2768 opere
401 2683 659 2768 conquisiverat.
703 2680 783 2746 Fuit
802 2687 917 2746 autem
937 2679 1218 2763 occupatissimus
1231 2699 1290 2744 ne·

186 2789 290 2873 gctiis
319 2787 492 2865 civilibus,
521 2785 671 2850 maxime
699 2781 899 2861 forensibus,
929 2781 1020 2847 unde
1042 2789 1078 2846 et
1100 2783 1225 2848 ‘otium
1251 2802 1289 2848 se

184 2887 310 2956 furari'
325 2891 373 2956 ait
385 2891 419 2954 in
435 2888 648 2954 Praelatione.
664 2887 753 2951 coni.
767 2888 790 2952 l.
806 2901 889 2950 xvr.
902 2905 933 2951 c.
948 2887 1001 2950 10.
1016 2886 1122 2969 princ.
1152 2884 1291 2950 Scilicet

186 2995 409 3059 ‘adolescens
424 2990 667 3058 aPraetoribus
681 2990 791 3054 lectus
806 2989 906 3052 estin
927 2986 1074 3072 judices,
1094 2992 1131 3050 ut
1146 2985 1305 3068 judicia,¹

185 3115 264 3182 quae
273 3096 484 3181 appellantur
494 3093 638 3177 privata,
654 3088 864 3174 susciperet:
879 3107 913 3154 r.
925 3101 1008 3152 ιιι.
1020 3087 1052 3152 2.
1064 3086 1170 3170 princ.
1185 3085 1290 3151 Porro

186 3205 232 3266 ‘a
247 3197 456 3264 Consulibus
466 3195 619 3282 judicem
633 3199 731 3258 extra
745 3191 895 3256 ordinem
910 3187 1043 3255 datnm’
1061 3207 1099 3252 sc
1114 3192 1290 3265 memorat,

187 3305 212 3369 l.
227 3319 299 3369 xrs.
314 3323 344 3367 c.
360 3303 414 3365 13.
437 3307 474 3364 et
498 3295 681 3363 ‘arbitriis’
701 3293 898 3370 districtum
913 3293 935 3357 l.
951 3292 1097 3356 x1.c.8.
1118 3289 1199 3369 Quo
1215 3290 1290 3374 qni-

187 3406 265 3470 dem
294 3402 403 3468 officio
426 3419 526 3485 qnam
556 3405 671 3464 sancte
690 3401 854 3479 casuque
878 3393 1015 3459 iunctus
1036 3392 1146 3470 luerit,
1167 3392 1290 3458 nemini

187 3507 328 3572 dubium
343 3523 419 3570 esse
432 3505 557 3587 potest,
568 3499 635 3584 'qui
648 3498 726 3562 libri
741 3511 823 3560 xrv.
846 3499 951 3579 caput
964 3493 1150 3559 secundum
1163 3493 1204 3558 de
1219 3513 1289 3558 arn-

186 3609 290 3692 bigua
318 3608 378 3672 lite
407 3603 604 3690 pecuniaria
632 3601 719 3666 iuter
743 3599 845 3676 duos,
864 3599 1003 3663 alterum
1025 3599 1192 3680 spectatu
1211 3593 1290 3660 hdei

186 3711 368 3786 hominem,
384 3709 523 3774 alterurn
538 3701 751 3790 perfidiarum
761 3699 982 3784 lraudumqna
993 3699 1141 3784 plenum,
1150 3715 1290 3782 perpen-

187 3813 286 3878 derit.
309 3811 409 3876 coni.
423 3809 505 3875 ibid.
520 3809 592 3874 cd.

231 3915 351 3998 §vnn
375 3911 484 3994 Pergo
498 3907 691 3991 adscripta
705 3903 822 3984 Gellii,
837 3903 1044 3988 qnaeadnos
1058 3904 1289 3988 pervenerunt,

187 4013 392 4078 ‘Volumina
404 4007 722 4077 commentariorum
733 4003 897 4088 Vigintit'
908 4020 1188 4089 qnemnmcmm
1200 3999 1289 4066 Anc-

189 4125 241 4181 tor
261 4115 298 4180 iu
318 4115 525 4183 Proethhone
546 4129 682 4198 quoque
702 4109 830 4187 delinit,
852 4125 1044 4192 quanquam
1063 4105 1162 4190 plura
1183 4105 1227 4169 ab
1248 4123 1289 4167 eo

188 4219 308 4284 relicta
331 4218 437 4283 luisse
459 4217 610 4282 dubitare
631 4233 694 4279 noe
714 4231 782 4278 non
803 4213 918 4278 sinum
939 4211 1042 4276 umba
1063 4209 1193 4283 Nostri,
1211 4225 1289 4288 qum
