3076 4866
628 356 832 406 remunito.
1235 346 1276 411 ll

179 505 249 566 tom
265 519 375 583 usque
390 500 433 566 ad
447 503 487 563 rei
510 500 696 566 ‘adversus
710 501 798 568 ictus
816 500 908 566 Solis
920 500 949 568 :'
970 502 1006 566 in
1022 501 1146 584 quibus
1166 501 1277 568 finitur

179 621 257 685 pag.
278 591 354 668 203.
369 603 463 690 (quse
478 606 511 669 in
532 605 599 668 ista
618 603 762 668 editione
777 603 945 670 incidebat
958 605 992 668 in
1003 611 1105 687 ceput
1119 612 1277 688 quartum

177 707 256 770 libri
271 709 374 785 sexti)
389 707 592 784 collationis,
608 725 708 790 qnam
725 707 806 771 mihi
830 707 923 774 misit
945 703 1055 770 filius!
1088 707 1181 773 Hinc
1196 729 1277 793 ergo

178 809 404 892 progredienti
426 811 513 890 inter
535 809 628 872 varin
644 808 781 874 fastidia
794 809 831 874 in
845 807 1038 874 adhibendo
1059 810 1277 893 quibuscum·

178 930 244 992 que
260 911 482 974 varietatibus
503 909 649 994 jndicio,
673 911 752 977 vitae
776 911 877 976 simul
891 919 926 976 et
939 912 1039 995 hujus
1055 931 1169 995 operte
1183 914 1276 982 filum

177 1014 208 1098 ei
224 1021 361 1096 ruptum
375 1021 439 1092 est,
462 1021 643 1098 postquam
665 1014 700 1078 in
719 1014 876 1079 mundum
891 1015 1075 1098 redegisset
1087 1017 1176 1094 haec,
1196 1037 1274 1100 quae

162 1105 210 1180 'et
233 1122 313 1180 ante
336 1135 439 1180 annos
464 1116 650 1182 octodecim
673 1116 847 1199 publicari
870 1121 904 1181 et
925 1138 1012 1184 nunc
1032 1120 1155 1184 iterum
1169 1119 1274 1184 vides.

176 1217 261 1284 Cum
277 1218 406 1284 interim
429 1220 515 1282 inter
535 1219 703 1284 liturarios
722 1220 864 1284 laterent
878 1221 988 1286 adhoc
1005 1221 1160 1306 quendam
1175 1221 1276 1286 semi-

173 1321 343 1405 perfecta,
367 1321 437 1387 alia
454 1327 577 1386 amum
594 1322 684 1407 quod
698 1323 855 1388 inchoata
868 1331 904 1388 et
917 1324 1042 1407 primas
1058 1323 1275 1405 cogitationis

176 1424 221 1488 ad
236 1417 478 1490 emendandum
502 1445 689 1508 progressae
717 1426 825 1490 lineas
846 1425 1018 1502 babentia,
1042 1444 1119 1509 quae
1133 1431 1211 1490 tuno
1226 1425 1275 1490 fe·

174 1525 346 1604 fellerunt,
361 1534 397 1592 et
415 1533 539 1610 postea
556 1527 701 1605 demum,
725 1547 801 1592 cum
822 1527 1009 1592 densiorem
1024 1527 1189 1610 paulatim
1203 1527 1274 1610 pla-

172 1633 265 1694 ceret
280 1627 394 1694 Gellio
409 1647 523 1694 curam
538 1629 713 1712 impartiri,
728 1629 763 1692 in
779 1647 897 1694 manus
908 1637 943 1694 et
953 1633 1167 1714 conspectum
1176 1647 1278 1692 vene·

173 1737 259 1806 runt,
276 1751 353 1814 quae
368 1749 457 1796 nunc
470 1731 627 1796 universa
638 1731 874 1814 conjunximus
884 1738 917 1796 et
925 1733 1013 1796 bona
1023 1731 1091 1796 fide
1102 1731 1277 1814 proximas

173 1833 275 1898 morti
296 1838 443 1916 paternae
466 1833 565 1898 boras
587 1837 622 1899 in
645 1833 758 1900 Gellio
779 1853 886 1918 usqne
908 1834 952 1900 ad
974 1834 1050 1900 libri
1069 1833 1148 1898 noni
1169 1837 1276 1916 eaput

175 1935 520 2018 quintumdecimum
549 1935 724 2002 efferimus.
769 1936 808 2001 Si
833 1955 1074 2020 recognoscere
1096 1935 1169 2000 lrsec
1197 1935 1275 2018 ipsa

172 2040 314 2120 scripta,
344 2039 375 2102 si
405 2040 560 2104 examine
589 2040 693 2104 altero
717 2039 927 2104 collationem
955 2056 1148 2122 percensere
1177 2036 1273 2102 Patri

173 2141 340 2218 licuisset,
354 2161 425 2204 non
439 2147 640 2224 potestesse
655 2140 806 2218 dubium,
820 2141 903 2223 quin
915 2149 950 2204 et
961 2139 1035 2205 baec
1050 2141 1126 2223 ipsa
1141 2139 1273 2222 pingui-

173 2261 235 2308 ora
265 2243 557 2326 elaboratieraque
585 2243 710 2308 fuisses
740 2245 783 2308 ub
813 2263 853 2307 eo
887 2243 1073 2320 habiturus,
1104 2249 1138 2306 et
1166 2243 1272 2324 magm

172 2347 294 2412 uberes
309 2347 410 2412 etiam
425 2347 461 2410 io
474 2345 588 2411 Gellio
602 2344 866 2410 emendationes.
910 2343 979 2408 Sed
999 2343 1067 2408 ista
1087 2344 1121 2408 iu
1139 2362 1271 2408 vanum.

218 2449 350 2514 Harum
365 2449 467 2530 igitur
480 2447 627 2512 omnium
643 2453 694 2512 tot
717 2447 937 2525 notationum,
952 2451 1003 2511 tot
1020 2447 1179 2512 linearum
1196 2465 1271 2512 suc-

173 2553 330 2616 cessione
343 2552 423 2616 mihi
437 2549 597 2634 fratrique
616 2557 776 2634 tanquam
798 2549 913 2614 bercto
927 2569 995 2614 non
1010 2549 1078 2614 cito
1093 2549 1185 2626 data,
1199 2548 1272 2614 fieri

171 2654 334 2737 nequivit,
347 2661 385 2718 ut
397 2673 465 2718 non
479 2652 669 2736 frequenter
687 2660 831 2718 mentem
845 2653 1032 2736 oculosque
1047 2651 1212 2716 retulerim
1226 2649 1273 2716 ad

172 2777 261 2833 euru,
271 2757 370 2840 cujus
385 2757 419 2819 in
434 2756 604 2840 loquendo
615 2756 814 2840 simplicitas
825 2756 986 2840 leporque
996 2761 1031 2820 et
1043 2773 1164 2818 vocum
1178 2771 1271 2836 quea-

173 2859 244 2924 sita
258 2859 456 2941 proprietas,
469 2859 502 2922 in
512 2857 695 2940 colligendo
708 2859 864 2933 varietas,
873 2857 909 2920 in
919 2855 1085 2922 studendo
1096 2855 1270 2939 speculum

172 2969 210 3026 et
224 2961 418 3044 exemplum
434 2963 477 3026 ab
491 2962 625 3024 ineunte
642 2965 741 3026 etate
763 2960 842 3024 milri
859 2978 1021 3043 perquam
1036 2956 1149 3022 dulcia
1163 2959 1197 3020 et
1210 2955 1269 3022 ba-

171 3065 255 3130 bilia
277 3068 519 3148 apparuersot;
551 3063 703 3146 inprimis
725 3081 802 3126 curn
823 3062 968 3128 nonna
983 3061 1034 3124 ita
1046 3059 1272 3142 processisset

171 3169 243 3233 ista
258 3168 406 3244 collatio,
420 3172 457 3232 ut
471 3175 568 3231 retus
593 3167 757 3250 scriptura
781 3165 996 3229 multifariam
1009 3161 1092 3228 mihi
1104 3161 1270 3226 blandire·

171 3279 235 3348 tur,
244 3271 341 3351 longo
355 3289 395 3334 eo
411 3269 505 3352 quod
518 3269 644 3334 editum
666 3275 700 3333 et
719 3270 918 3352 impressum
930 3271 1013 3345 erat,
1028 3265 1172 3342 marim,
1186 3264 1271 3332 mol-

170 3374 246 3450 lier,
261 3379 295 3438 et
307 3379 377 3436 tum
392 3373 435 3436 ad
450 3392 548 3436 aures
562 3373 681 3449 lenior,
696 3377 765 3436 tum
784 3371 830 3435 ad
849 3369 1043 3434 sententiam
1064 3366 1269 3432 enucleatior

171 3481 208 3538 et
228 3475 409 3558 copiosior.
453 3475 523 3538 Sed
549 3495 624 3540 cum
650 3493 760 3558 nuper
783 3473 915 3538 ederem
936 3471 1096 3548 Paterna,
1110 3468 1192 3533 uilril
1206 3487 1268 3551 ap·

169 3577 383 3659 pendendum
396 3579 643 3656 existimabam,
657 3577 832 3642 sententiae
853 3593 938 3639 mese
954 3578 1014 3638 ant
1028 3571 1267 3648 meditationis,

171 3682 333 3762 quoniam
355 3681 429 3744 sola
452 3680 513 3744 ille
541 3678 692 3762 progredi
715 3677 961 3754 desiderabam,
985 3676 1020 3740 id
1048 3694 1183 3740 curasse
1204 3695 1268 3757 pro

169 3788 322 3866 tempore
335 3801 465 3860 amans,
479 3783 509 3846 si
524 3783 569 3846 ab
581 3782 749 3846 vermibus
764 3785 798 3846 et
815 3783 884 3845 situ
899 3781 969 3844 ista
981 3777 1170 3842 domestica
1182 3777 1266 3842 libe·

170 3905 299 3966 rarem;
321 3885 375 3950 vel
388 3887 469 3969 quia
492 3884 652 3969 quicquid
674 3884 708 3948 id
724 3903 836 3950 meum
849 3891 949 3960 esset,
965 3900 1032 3944 noo
1047 3880 1128 3944 satis
1143 3877 1266 3942 multos

170 4007 277 4053 annos
291 3987 487 4070 mitigatum,
504 3995 711 4064 renovatum,
719 3992 954 4070 versutumque
964 3982 1160 4060 videbatnr;
1175 3980 1268 4064 quod

170 4091 253 4156 mibi
287 4091 463 4174 praecipue
485 4089 520 4155 in
546 4089 610 4154 lrac
633 4088 802 4154 scribendi
831 4087 957 4152 ratione
987 4085 1101 4168 placet
1127 4083 1267 4167 requiri,

170 4194 299 4276 quippo
312 4199 451 4278 experto
468 4193 667 4277 jampridem
688 4193 775 4258 bunc
794 4192 927 4256 unicum
944 4207 1019 4254 esse
1033 4186 1181 4264 modum,
1195 4205 1264 4269 qno
