3076 4866
256 347 301 412 oo
642 357 764 410 rnnux
789 346 968 410 onrruorl.

258 502 409 555 Herodotus
419 501 563 566 llelyrtteu
587 513 675 566 regem
688 499 809 552 fidloluer
826 502 853 552 iu
871 502 1012 566 procinctu
1028 498 1147 552 lrrbuirre
1158 500 1253 552 trudit:
1270 507 1345 569 etque

259 583 322 634 inibi
330 582 446 648 qrraedeur
456 589 546 632 notatu
556 581 588 631 de
600 582 711 632 (ireoelrl
719 582 806 633 firtole
818 583 1020 634 ooueiourtorie.

292 667 332 713 ln.
351 665 433 727 Virgo
440 664 531 712 Vestro
543 662 605 726 quid
620 663 716 724 oreris,
726 671 754 713 et
772 678 806 712 ex
825 664 894 728 qurli
913 661 1021 725 frurilin,
1031 668 1059 712 et
1076 675 1127 726 quo
1137 662 1188 713 ritu
1206 662 1346 728 quibusque

259 743 410 795 cerimoniis
426 749 454 794 et
473 742 648 807 religionibur,
665 759 696 793 uo
714 758 765 808 qno
777 744 879 794 nornine
890 743 1044 793 ePoutilioe
1055 743 1171 793 lluiruo
1181 744 1307 808 cupiatur,
1317 751 1346 793 et

258 839 309 892 quo
330 825 417 875 stetim
431 824 492 887 jure
509 837 567 873 eree
589 823 698 887 incipiat
716 825 870 890 simulatque
888 830 968 888 euple
984 830 1043 874 ert:
1059 823 1189 888 qnodque,
1211 829 1241 873 ut
1258 822 1345 872 Lebeo

258 906 332 967 dicit,
351 920 400 956 neo
420 905 465 955 ille
482 905 607 956 intestato
632 904 752 970 cuiquem
773 918 823 956 nee
841 904 866 954 ei
882 905 1015 956 intentetur
1035 904 1169 970 quinqurur
1183 903 1245 967 jure
1265 903 1346 953 lueret

261 994 313 1038 ert.

290 1072 331 1119 rt.
346 1067 490 1120 Quaerltnm
509 1066 535 1116 iu
546 1065 716 1133 philosophie,
725 1065 846 1131 quidneur
863 1064 931 1116 foret
942 1064 976 1114 iu
982 1070 1091 1128 recepto
1102 1063 1225 1114 ureudrto
1233 1064 1345 1126 tectim

256 1148 317 1198 idne
327 1149 429 1198 omuino
440 1146 527 1198 fucere
540 1147 608 1214 quod
619 1147 766 1198 mundatum
779 1154 836 1209 ortt
853 1161 886 1198 eu
902 1161 1082 1212 nonnunqum
1093 1145 1172 1196 elium
1183 1144 1311 1209 eontru,ri
1320 1145 1344 1193 id

256 1242 345 1292 operer
352 1228 376 1278 el
384 1228 428 1293 qni
438 1226 571 1278 mundarit
582 1227 669 1278 utilim
678 1226 751 1278 fore:
768 1241 899 1293 nuperque
909 1241 940 1278 ee
951 1225 1094 1292 quertiorre
1102 1225 1228 1291 exporitre
1235 1225 1343 1276 direrrre

254 1309 399 1360 renteutire.

289 1392 328 1440 ld.
344 1388 413 1440 Quid
423 1386 520 1438 dixerit
536 1386 680 1454 feceritque
692 1388 721 1439 c.
735 1387 878 1450 Fubriciur,
895 1401 987 1452 uroque
998 1386 1038 1437 vir
1047 1385 1130 1451 glorie
1145 1385 1294 1451 meguirque
1305 1399 1345 1435 re·

256 1467 305 1519 bur
316 1469 406 1533 gentio,
417 1468 463 1518 red
479 1465 584 1518 feruiliae
601 1469 767 1534 peeuuireque
786 1468 938 1534 inops‚ouur
956 1468 981 1518 ei
997 1466 1128 1518 Samniter
1148 1473 1269 1532 tunqurur
1280 1465 1345 1516 indl-

255 1549 328 1613 peutl
337 1563 415 1612 greve
425 1563 513 1598 eurum
530 1548 665 1599 douurent.

288 1634 329 1680 lo.
344 1630 428 1682 Quem
440 1628 610 1693 inportunum
623 1628 711 1678 vitium
720 1628 764 1692 rlt,
774 1629 929 1694 plenumque
939 1628 990 1678 odii
1007 1627 1089 1678 fotillr
1109 1626 1242 1692 lueuirque
1257 1627 1346 1692 loqur·

256 1709 333 1772 citer,
344 1716 373 1759 et
383 1723 460 1774 quom
472 1709 559 1759 multir
575 1709 601 1758 in
615 1708 678 1759 looir
689 1723 705 1758 e
715 1708 874 1774 principibus
892 1709 1025 1774 utriusque
1045 1707 1140 1770 lingue
1152 1707 1214 1756 ririr
1234 1706 1345 1758 detento·

256 1789 328 1840 tione
335 1789 410 1853 jurte
421 1789 526 1853 oulprtu
537 1788 581 1838 ult.

288 1873 328 1919 lo.
345 1868 420 1922 Quod
433 1868 513 1919 verbe
529 1868 603 1919 irtaeo
615 1867 779 1934 Quadrlgrrll
791 1875 824 1921 eu
841 1871 926 1920 ennrll
940 1869 1029 1933 tertio,
1051 1868 1108 1919 ‘ibl
1124 1867 1195 1919 nille
1214 1867 1344 1918 hominurn

255 1947 400 2013 oooiditur,'
411 1963 461 1999 uon
471 1949 576 1999 licentio
585 1963 670 2014 neque
680 1949 714 2000 de
725 1950 860 2015 politorum
870 1949 962 2016 ligure,
972 1949 1018 2000 red
1030 1948 1129 2000 retiuue
1138 1955 1211 1998 certe
1224 1955 1252 1998 et
1261 1948 1343 2012 probe

255 2029 428 2094 grammatice
435 2029 579 2094 discipline
587 2029 656 2079 dictu
667 2036 737 2081 eunt.

288 2111 327 2158 11.
343 2109 448 2162 Queute
474 2122 533 2158 euru
556 2108 634 2158 ruirul
656 2109 781 2174 equitete
800 2109 950 2160 toleraverit
969 2109 1089 2160 Soortter
1108 2107 1195 2158 uxorio
1216 2107 1344 2173 ingenium

252 2187 433 2238 iutruottbile:
452 2192 532 2253 etque
542 2186 618 2251 lnibi,
628 2187 690 2253 quid
700 2189 741 2240 Μ.
757 2189 841 2240 Verre
855 2190 881 2240 iu
893 2188 1002 2256 qutdtrn
1018 2189 1105 2240 Sotira
1115 2187 1149 2239 de
1163 2186 1248 2238 officio
1258 2187 1343 2238 uuurlti

257 2267 399 2331 roriprerlt.

289 2353 329 2398 18.
350 2347 426 2401 Quod
448 2348 486 2398 Μ.
502 2348 587 2398 Varro
602 2347 627 2396 iu
638 2347 830 2413 quartodecimo
850 2348 1026 2399 Humenerouu
1042 2347 1175 2398 LAEliuuu
1196 2347 1346 2411 magistrum

256 2439 330 2478 euurn
340 2428 392 2492 περὶ
402 2427 554 2489 &vurmius
568 2427 736 2478 disserentem
752 2427 816 2479 folrr
825 2429 1032 2495 reprehenderit,
1043 2429 1163 2496 qnodque
1174 2427 1242 2479 idern
1258 2429 1340 2478 Verre

255 2507 282 2558 in
294 2507 384 2558 eodem
394 2507 458 2557 libro
467 2506 530 2556 furio
542 2505 626 2568 tropo
636 2508 701 2558 dicit
711 2507 815 2560 fuirunt.

287 2591 327 2638 19.
345 2587 464 2637 Historia
475 2601 553 2651 ruper
562 2587 634 2638 libris
646 2589 777 2654 Sibyllinis
789 2605 820 2641 eo
832 2589 866 2640 de
881 2591 1024 2657 Tarquinio
1031 2590 1149 2655 Superbo
1161 2603 1234 2654 rege.

286 2671 328 2718 2⁰.
345 2667 413 2720 Quid
424 2675 563 2732 geometren
574 2668 662 2720 dieunt
673 2671 813 2730 euhemero,
824 2671 969 2738 quibusque
975 2672 1061 2723 omnir
1066 2673 1117 2722 irtu
1128 2672 1226 2722 Lutiuir
1236 2669 1344 2721 vocubu-

253 2749 286 2800 lir
297 2748 470 2812 appellentur.

284 2833 325 2878 nl.
341 2827 417 2880 Quod
433 2829 519 2880 Julior
539 2829 649 2894 Higiuor
660 2827 857 2882 uffiruretirriuue
874 2832 1038 2884 contenderit
1053 2831 1150 2896 legione
1161 2846 1189 2882 re
1206 2831 1296 2883 librum
1308 2832 1339 2882 P.

251 2907 355 2974 virgilii
377 2909 556 2972 domenticnru,
577 2911 605 2959 iu
632 2925 684 2975 quo
702 2912 827 2976 roriptunr
849 2919 928 2974 erret,
948 2913 992 2962 ‘et
1019 2926 1064 2962 ore
1082 2911 1179 2962 udone
1195 2918 1341 2962 tentantem

253 3005 330 3040 renru
340 2989 471 3056 torquebit
482 2989 601 3054 rurtror,'
620 3005 680 3054 uon,
696 2992 765 3056 quod
776 2992 867 3056 volgur
877 2993 985 3057 legeret,
994 3007 1063 3042 terren
1070 2992 1188 3056 torqueba
1198 3007 1286 3044 um.

284 3075 325 3121 111.
340 3069 392 3134 Au,
403 3071 446 3136 qul
457 3085 548 3121 oeurrr
566 3069 696 3129 defendit,
707 3079 780 3122 reete
797 3073 940 3138 Intiueque
954 3072 1027 3124 diuet
1041 3073 1191 3137 ‘rupererre
1201 3087 1229 3122 te
1241 3073 1266 3122 ei
1274 3073 1342 3138 quod

253 3149 374 3202 defendit
384 3149 400 3212 ;’
417 3157 454 3215 et,
462 3151 632 3215 ‘eupererre,'
641 3152 745 3216 proprie
756 3153 817 3218 quid
830 3154 872 3204 rit.

285 3235 326 3280 11.
343 3231 407 3283 Quin
418 3228 497 3280 fuerit
507 3232 626 3294 Pepirlur
638 3233 827 3298 Pretextetnq
838 3247 927 3300 queve
937 3233 1011 3286 irride
1025 3247 1104 3284 eruor
1117 3235 1282 3301 oopnoureuti
1293 3233 1340 3284 tlt:

251 3309 409 3373 hirtorleqne
418 3310 469 3360 lete
478 3311 559 3360 omnir
569 3325 647 3376 ruper
657 3313 748 3363 eodem
757 3313 865 3378 Papirio
872 3313 1107 3380 coguitujtreuude.

282 3393 323 3439 2⁴.
338 3389 398 3438 'l'rie
409 3389 603 3452 Epigrammata
614 3393 690 3444 trinrn
702 3401 820 3445 reternrn
838 3395 979 3460 politorum,
989 3395 1086 3460 Nervii,
1103 3394 1201 3459 Plauti,
1211 3393 1319 3445 Prourli
1331 3411 1338 3445 t

250 3490 308 3540 queo
325 3473 396 3525 frete
407 3475 439 3525 ob
450 3475 519 3540 ipdr,
530 3480 654 3542 repolcrlr
666 3481 781 3546 lproruru
793 3483 876 3534 inolre
885 3489 954 3534 runt.

282 3559 322 3607 21.
340 3554 439 3608 Quibus
455 3556 542 3606 verbir
560 3558 598 3608 M.
620 3560 703 3611 Varro
725 3563 876 3614 ‘luduoier'
897 3563 1047 3614 definierit:
1072 3561 1260 3629 queritutuque
1278 3562 1340 3614 inibi

249 3635 380 3692 curiosior,
392 3649 508 3698 quentin
516 3639 581 3687 relio
589 3639 623 3689 rit
635 3641 753 3692 rooeboll
761 3645 769 3674 ⁸
777 3642 956 3695 induciarum!

280 3718 321 3766 2⁶.
336 3715 420 3766 Quem
437 3715 464 3763 in
482 3717 584 3767 modum
595 3719 655 3769 uollrl
671 3722 768 3772 Touror
785 3723 948 3790 philoroplrur
968 3721 1133 3788 responderit
1150 3721 1341 3787 pereuuoteuti‚

248 3809 282 3846 en
294 3795 398 3859 repleor
408 3795 572 3848 irasceretur.
617 3825 623 3834 ·

554 3953 726 4005 Commentario
735 3956 833 4005 werede
843 3955 894 4006 laee
904 3957 993 4010 interl.

281 4079 305 4124 l.
324 4077 382 4129 Quo
393 4093 489 4143 genere
504 4081 592 4132 rolitur
611 4082 646 4132 rlt
665 4082 829 4148 philoroplrue
846 4085 968 4140 Sooreter
984 4099 1109 4142 exeruere
1120 4089 1271 4156 putieutletu
1282 4105 1339 4144 cur·

249 4155 317 4220 porlr
329 4171 335 4206 t
353 4157 436 4223 deque
447 4161 561 4224 ejurdeur
571 4162 620 4212 riri
631 4163 767 4226 patientie.
