3076 4866
253 361 297 430 44
573 374 666 422 suar
690 374 818 422 oauuu
843 371 1036 422 enmnnmo

252 516 337 596 illud
353 514 520 581 Heracliti
529 514 573 568 ¹⁹⁶
587 515 728 600 Ephesii
742 518 804 583 riri
819 536 948 582 summe
962 519 1086 582 nobilis
1101 518 1237 581 verbum
1253 517 1347 582 cordi

252 619 422 694 haberem,
437 615 527 701 quod
542 617 690 700 profecto
704 620 752 682 ita
765 625 826 695 est,
842 618 1027 701 Hoaopallq*
1042 618 1098 682 νόον
1110 621 1140 681 οὐ
1153 619 1289 696 διδάσκει,
1299 625 1311 654 ²
1322 620 1348 654 ²⁰

252 722 327 804 ipse
342 718 477 803 quidem
489 720 664 786 volvendis
677 723 955 804 transeundisque
970 723 1084 785 multis
1097 722 1276 786 admodum
1288 741 1349 786 uo·

252 822 458 900 luminibus:
478 841 537 905 per
568 824 682 886 omnia
708 842 841 907 semper
867 826 1073 906 negotiorum
1102 823 1283 898 intervalla,
1312 824 1347 886 ia

254 925 377 1008 quibus
405 922 509 987 furari
526 924 646 988 ‘otium
670 923 792 1006 potui,¹’
820 925 990 988 exercitus
1016 925 1230 1008 defessusque
1254 944 1347 988 sum:

255 1026 314 1091 sed
342 1026 477 1091 modica
501 1045 546 1089 ex
573 1027 626 1102 iis,
649 1045 756 1108 eaque
777 1027 858 1090 sola
880 1027 1009 1109 accepi,
1033 1046 1110 1110 quae
1134 1037 1194 1092 aut
1218 1029 1348 1108 ingenia

251 1135 384 1213 promta
398 1127 627 1210 expeditaque
640 1128 682 1192 ad
694 1129 851 1210 ¹honestae
866 1129 1059 1193 eruditionis
1076 1129 1267 1213 cupidinem
1284 1130 1348 1192 uti-

253 1231 401 1314 liumque
417 1230 540 1296 artium
561 1232 876 1315 contemplationem
899 1231 997 1295 celeri
1017 1230 1175 1315 facilique
1189 1251 1350 1315 compen·

254 1333 332 1398 dio‘
348 1333 519 1411 ducerent,
535 1340 595 1398 aut
606 1334 757 1400 homines
773 1333 850 1397 aliis
867 1333 940 1417 jam
954 1333 1033 1398 vitae
1049 1334 1189 1414 negotiis
1204 1353 1349 1418 occupa-

254 1443 309 1500 tos
321 1456 343 1500 a
358 1437 446 1518 turpi
462 1443 548 1500 certe
563 1437 750 1520 agrestique
760 1455 867 1500 rerum
880 1441 979 1519 atque
992 1435 1167 1498 verborum
1180 1437 1348 1519 imperitia

255 1537 486 1604 vindicarent*
528 1539 560 1602 6.
583 1537 672 1616 Quae
700 1545 797 1602 erunt
824 1545 936 1602 eutem
965 1538 999 1600 in
1022 1537 1074 1600 his
1096 1539 1347 1604 commentariis

256 1659 368 1724 pauca
381 1639 539 1724 quaedam
549 1640 744 1723 scrupulosa
754 1644 787 1704 et
796 1641 923 1716 anxia,‘
936 1639 1043 1703 velex
1058 1640 1348 1722 grammatica,vel

255 1761 300 1806 ex
315 1742 504 1820 dialectica,
519 1743 685 1806 ueletiam
701 1763 745 1806 ex
760 1744 952 1824 geometria,
973 1761 1116 1827 quaeque
1131 1748 1247 1806 erunt¹
1268 1744 1348 1806 item

255 1844 402 1928 paucula
416 1845 591 1908 remotiora
615 1864 718 1929 super
743 1844 883 1927 augurio
903 1845 977 1928 jure
996 1853 1030 1910 et
1053 1845 1252 1928 pontifiei0,²
1282 1863 1348 1908 non

253 1950 385 2031 oportet
398 1966 441 2010 ea
455 1945 609 2029 defugere
631 1946 730 2030 qnasi
753 1953 811 2012 aut
831 1948 968 2030 cogrritu
991 1967 1055 2012 non
1078 1946 1184 2024 utilia,
1201 1951 1260 2010 aut
1274 1967 1348 2030 per·

266 2167 270 2178 ’
286 2173 296 2198 ¹
314 2163 542 2222 Cessssadoctrinoe
557 2167 661 2217 caristus
677 2167 822 2218 intellectam
840 2183 886 2215 sors
904 2169 979 2217 docet.
1078 2172 1089 2200 ¹
1106 2165 1222 2215 Celeriter
1239 2165 1351 2226 legendis.

252 2226 263 2261 δ
284 2228 312 2276 lrs
323 2229 635 2294 quidesseponereoliqumn
650 2233 759 2294 temporis
774 2237 865 2295 partem
879 2233 954 2294 potui.
1018 2237 1029 2264 ⁸
1049 2229 1102 2280 Vin.
1167 2229 1178 2264 θ
1196 2231 1352 2291 impedirent,

251 2305 281 2404 :z
290 2293 422 2407 mugnis
432 2294 517 2354 iuerat
527 2311 554 2345 sc
565 2299 654 2345 rustica
664 2311 741 2344 rerum
752 2301 775 2344 et
786 2295 907 2344 amborum
917 2293 1061 2357 morantis.
1178 2301 1188 2326 ‘
1205 2293 1348 2358 Difficilioro

253 2551 449 2603 antelam-19
464 2553 472 2582 ⁴
485 2554 517 2603 ln
529 2555 610 2617 Regio
628 2571 677 2606 non
700 2566 811 2622 apparet
830 2573 923 2608 nornen
934 2557 1095 2624 Philosophi.
1129 2561 1164 2610 Et
1176 2565 1279 2624 poterat
1291 2574 1349 2622 pro-

252 2615 322 2666 fecto
333 2619 432 2668 abesae.
465 2619 516 2668 Sed
529 2619 655 2670 Rottend.
667 2624 759 2686 plane:
775 2624 835 2672 illud
845 2624 957 2673 metiti!
975 2625 1002 2675 J.
1015 2625 1044 2673 F.
1057 2625 1238 2674 Gronau-2⁰
1254 2625 1298 2674 Sic
1309 2624 1348 2672 di-

253 2679 352 2730 vioavit
363 2682 511 2744 Salmasius,
522 2691 590 2733 teste
597 2685 622 2738 J.
632 2687 663 2736 F.
673 2688 787 2737 Gronov.
796 2703 828 2736 ex
837 2697 961 2750 corrupta
971 2689 1031 2738 lect.
1041 2696 1094 2738 vet.
1104 2690 1147 2737 lib.
1156 2688 1288 2748 πολυμαθίη
1299 2687 1352 2737 νόον

252 2749 403 2796 ramses.
438 2749 603 2798 correctores
626 2751 833 2801 substituerunt:
859 2752 962 2801 introite
979 2767 1033 2800 som
1051 2758 1075 2801 et
1092 2753 1143 2802 bete
1155 2754 1202 2801 Dii
1222 2759 1285 2802 sunt.
1318 2753 1350 2801 ln

254 2809 354 2859 duabus
371 2811 554 2876 antiquissimis
573 2813 633 2864 edd.
649 2816 753 2866 Gracia
773 2816 843 2865 bisce
863 2815 949 2865 verbis
968 2831 1064 2864 vacans
1083 2818 1188 2866 relictus
1211 2817 1280 2866 loeus
1300 2825 1350 2865 est.

254 2873 410 2925 Cbsrtseeos
422 2878 457 2926 nil
474 2877 523 2925 nisi
535 2876 560 2926 G
572 2878 660 2940 babet,
671 2887 700 2930 nt
716 2882 792 2940 solet,
809 2880 904 2930 Graeca
915 2881 1054 2930 desiderari
1070 2881 1226 2944 significans.
1257 2882 1351 2930 ‘Mens

254 2933 350 3002 Agellii
363 2940 492 3004 postulat,'
508 2941 593 3006 inquit
609 2943 733 2994 Croirrst.
751 2945 861 2994 observ.
880 2945 925 2994 ‘ut
942 2959 974 2992 es
993 2945 1122 2995 Heracliti
1141 2945 1225 2994 verbis
1245 2947 1352 2994 tollatur

254 3003 369 3066 negano,
379 3013 495 3070 atquent
507 3005 544 3054 ita
557 3005 692 3070 legantur:
711 3007 847 3068 nonvpetfq
865 3006 918 3056 νόον
932 3007 1096 3058 trucem-1
1113 3011 1352 3066 ‘Qwerraturtem

253 3081 412 3132 ....qsaeqse
419 3068 500 3132 erest]
518 3070 560 3146 §ic
571 3072 652 3122 edunt
661 3073 708 3122 viri
721 3074 801 3122 docti.
818 3075 874 3136 Ego
886 3081 971 3122 tannen
981 3083 1090 3140 utroque
1099 3075 1155 3124 loeo
1168 3075 1219 3124 vidi
1231 3075 1256 3122 in
1270 3076 1351 3137 Regio

253 3147 376 3210 scriptam
396 3157 483 3224 notans
500 3139 542 3214 q'd,
559 3166 617 3228 quae
634 3152 745 3202 involvit
762 3154 832 3214 qaod.
873 3153 938 3201 Tum
960 3154 1108 3203 Gsorrsetriea
1126 3168 1176 3202 non
1199 3153 1352 3204 Cemetria?

254 3209 311 3260 lac.
337 3211 543 3266 Granouas—2
570 3217 634 3266 ‘sse
658 3217 722 3265 blas.
746 3225 774 3265 et
796 3222 868 3266 recte
891 3216 1037 3280 Stephanus
1059 3217 1150 3278 edidit,
1172 3232 1229 3266 curn
1252 3219 1351 3281 legere·

255 3281 317 3324 tor:
342 3288 412 3338 seper
435 3280 535 3340 agario
556 3280 648 3342 etjsrs
667 3279 797 3346 pontificio.
830 3280 895 3333 Quis
913 3281 993 3346 igitur
1012 3283 1084 3332 locos
1100 3283 1267 3348 conjecturis,
1283 3297 1352 3347 super

749 3429 858 3481 NOTAE

285 3519 437 3588 ‘HeraclitiJ
446 3523 596 3574 Heraclitus
605 3525 781 3592 philosophus,
825 3530 961 3592 tullianum
981 3536 1087 3582 narrant
1109 3531 1152 3581 alli
1173 3529 1233 3582 dnm
1256 3531 1353 3598 spretis

254 3606 425 3661 cognomento
447 3600 575 3663 σκοτεινὸν,
598 3617 643 3651 sen
666 3603 781 3653 terebri·
825 3608 981 3658 medicorum
1004 3609 1116 3659 consiliis
1143 3609 1299 3674 hydropicus
1324 3623 1351 3659 aa

253 3685 336 3736 eorus,
348 3674 417 3738 quod
429 3676 462 3724 ad
479 3677 686 3741 philosophorum
703 3681 782 3728 soler·
825 3683 920 3733 bubulo
938 3699 999 3736 sevo
1018 3684 1192 3747 perunxisset,
1211 3685 1270 3734 durn
1293 3685 1352 3734 dor·

253 3749 315 3798 fisso
324 3751 495 3800 exercendam
508 3753 603 3816 stylum
613 3753 781 3820 obscuraret:
823 3759 909 3818 miset,
922 3759 1049 3809 acauibns
1061 3759 1218 3823 discerptum
1229 3759 1332 3810 obiisse.

252 3825 354 3888 quoties
366 3825 440 3875 domo
452 3826 544 3890 pedem
558 3825 691 3891 efferebat,
700 3831 783 3893 lacry-
855 3831 867 3866 l
884 3833 1029 3898 Πολνμαθίη]
1042 3835 1246 3884 ltalocumbunc
1258 3849 1289 3883 ex
1300 3850 1352 3884 nra·

253 3901 302 3951 mis
328 3917 407 3953 vanas
436 3903 564 3954 bominum
599 3908 784 3970 occupationes
823 3912 959 3974 adscripto
971 3911 1053 3974 Regio
1064 3911 1180 3960 restituit
1192 3909 1353 3968 bernharius,

253 3979 465 4044 prosequebatur.
474 3981 596 4032 Florebat
602 3981 783 4047 circa0lymp.
824 3999 882 4035 cum
895 3987 966 4049 prius
977 3987 1047 4036 nrrllo
1057 4000 1134 4035 sensu
1144 3986 1352 4048 legereturque

253 4067 330 4106 asts.
344 4063 372 4106 nt
383 4054 463 4108 refert
478 4056 622 4122 Diogenes,
637 4059 709 4108 annis
721 4067 784 4110 ante
820 4060 926 4123 profesto
935 4061 972 4110 its
980 4065 1032 4111 sss:
1048 4060 1214 4120 introiissent
1224 4065 1247 4110 rt
1258 4061 1297 4112 bic
1307 4060 1354 4110 Dii

253 4131 383 4184 Christum
395 4147 477 4196 prope
488 4147 524 4184 so.
558 4133 637 4184 Hunc
648 4135 742 4185 bubulo
754 4150 783 4186 sa
822 4142 885 4186 sest.

251 4211 366 4260 stercore
377 4207 484 4259 oblitam
493 4210 619 4262 exussisse
630 4210 709 4262 tradit
720 4211 783 4262 Ter·
