3076 4866
255 398 298 469 23
549 413 809 464 cuarsrmrrus
833 412 1052 462 rausrraus

256 558 300 622 tis
313 563 410 640 turpe
424 575 510 635 esse,
531 577 575 622 ne
590 578 631 622 ea
643 556 778 642 quidem
793 559 990 641 cognovisse
1004 557 1049 624 ad
1064 558 1351 643 notitiamcorpo·

236 661 303 724 'ris
323 661 429 724 nostri
448 660 654 744 pertinentia,
675 681 751 746 quae
774 681 839 726 nou
859 661 961 726 altius
977 661 1207 745 occultiusque
1222 667 1353 726 mmcta

257 767 354 826 sunt:
378 782 419 827 ac
434 769 611 846 propterea
625 769 786 848 quantum
801 764 963 846 temporis
977 763 1081 828 habui
1096 761 1269 841 subsicivi,
1283 782 1353 828 me-

256 863 378 928 diciuae
393 883 528 949 quoque
542 865 732 949 disciplinae
745 865 851 931 libros
862 866 969 947 attigi,
984 885 1069 948 quos
1079 865 1263 930 arbitrabar
1277 883 1353 930 esse

255 964 400 1032 idoneos
413 967 456 1030 ad
472 966 683 1033 docendum!
704 967 897 1052 Specimina
907 968 1076 1052 precipue
1086 986 1131 1032 ex
1147 966 1353 1032 Erasistrato

255 1075 291 1132 et
307 1068 517 1152 Hippocrate
532 1071 662 1153 prabet
675 1070 699 1134 l.
715 1087 773 1134 ιιι.
794 1089 824 1134 c.
840 1069 894 1134 16.
915 1085 953 1134 x.
966 1070 1000 1135 3.
1023 1085 1135 1134 xvrrr.
1153 1070 1203 1134 11.
1216 1075 1251 1134 et
1264 1083 1356 1135 xlx.

254 1170 287 1233 2.
331 1170 508 1237 Postremo
537 1193 646 1258 neque
679 1173 921 1239 Guounrarm
950 1177 1120 1257 expertem
1146 1190 1224 1236 eum
1247 1171 1354 1236 fuisse

255 1279 398 1356 apparet
412 1293 455 1340 ex
470 1275 493 1340 l.
509 1291 533 1340 r.
547 1295 576 1340 c.
591 1276 644 1342 20.
660 1284 695 1341 et
710 1293 793 1340 xvr.
808 1276 861 1341 13.
906 1275 1010 1340 Mitto
1028 1275 1184 1340 Graecam
1204 1273 1352 1337 hominis

256 1373 453 1453 doctrinam,
470 1397 537 1460 qua
559 1378 851 1444 instructissimum
873 1378 981 1443 fuisse
1003 1383 1163 1442 testamm
1181 1375 1353 1440 versiones

256 1476 407 1542 locorum
422 1478 615 1546 Aristotelis
630 1487 663 1546 et
677 1479 831 1546 Platonis
844 1479 884 1567 (l.
901 1495 998 1544 xvrr.
1014 1499 1044 1544 c.
1055 1478 1109 1543 20.
1125 1493 1196 1542 xx.
1209 1479 1240 1542 5.
1252 1483 1354 1560 atque

256 1576 355 1663 alibi)
368 1580 409 1644 de
423 1581 548 1665 quihus
570 1582 718 1648 Huetius
739 1586 774 1648 in
800 1583 901 1648 Libro
922 1582 965 1646 de
986 1580 1096 1647 Glaris
1116 1578 1355 1662 interpretibus
1475 1581 1476 1584 ’

254 1683 301 1746 ita
320 1683 456 1766 judicat
477 1705 512 1768 p.
529 1705 574 1751 m.
588 1685 666 1751 243.
688 1685 843 1752 ‘Gellius
865 1685 1012 1770 paucula
1033 1681 1165 1767 quidem
1186 1701 1206 1745 e
1228 1680 1353 1748 Graeco

256 1803 416 1852 conversa
430 1787 524 1853 libris
540 1789 611 1853 suis
626 1789 782 1866 intexuit,
797 1789 856 1854 sed
870 1789 956 1853 uude
970 1793 1082 1852 tamen
1095 1785 1271 1869 probatam
1283 1783 1353 1867 ipsi

255 1885 489 1970 interpretandi
511 1891 673 1956 rationem
696 1889 796 1955 facile
818 1889 1073 1974 perspiciamus.
1118 1885 1213 1950 hoca
1234 1891 1353 1950 sunta

255 1987 397 2054 Platone
418 1998 452 2056 et
472 1987 658 2058 Aristotele
680 1993 867 2078 depromta,
889 2009 1028 2074 quorum
1049 1987 1192 2072 priorem
1213 2005 1255 2051 ea
1280 1994 1353 2052 arte

255 2093 427 2170 convertit,
451 2101 490 2158 ut
512 2095 646 2160 veroid
668 2097 773 2162 instar
798 2093 1079 2178 interpretationis
1092 2090 1209 2154 haberi
1223 2089 1351 2173 possit:

253 2193 357 2274 paulo
379 2195 654 2279 indiligentiorem
676 2199 710 2262 in
731 2197 914 2281 posteriore
937 2215 975 2260 se
996 2194 1119 2278 gessit:
1141 2192 1203 2258 sed
1222 2199 1351 2256 tautum

252 2294 396 2360 licentiae
422 2297 490 2363 loci
519 2299 669 2365 brevitas
697 2296 825 2364 dabat?
868 2297 964 2364 Geni.
994 2295 1121 2378 Vigilia
1143 2313 1221 2360 mea
1243 2295 1354 2378 prima

255 2394 416 2462 Noctium
431 2397 631 2482 Ripensium
647 2421 680 2484 p.
693 2399 747 2465 43.
791 2397 891 2464 Adde
914 2398 1185 2482 dijudicationem
1199 2397 1352 2460 locorum

253 2515 298 2560 ex
321 2496 500 2564 Comoedia
528 2501 702 2569 Menandri
723 2503 847 2570 Graeca
871 2510 906 2569 et
929 2501 1060 2568 Gaecilii
1082 2500 1204 2565 Latina
1224 2497 1352 2566 iactam

252 2597 274 2662 1.
292 2615 333 2664 11.
350 2619 381 2664 e.
397 2601 452 2668 23.

296 2701 381 2786 §va
405 2704 526 2790 Neque
547 2727 627 2772 vero
649 2707 733 2772 satis
753 2706 871 2772 habuit
886 2705 1029 2783 Gellius,
1052 2702 1206 2768 Romana
1219 2708 1350 2766 tantum

254 2813 444 2891 perreptare
466 2807 643 2888 auditoria,
666 2810 894 2876 Bibliothecas
918 2806 1034 2885 Pacis,
1053 2806 1200 2889 Trajani,
1216 2805 1350 2870 Domus

252 2907 457 2992 Tiberianae,
485 2913 681 2979 Patrensem
703 2919 737 2978 et
752 2913 966 2978 Tiburtinam
982 2909 1134 2975 studiose
1148 2909 1349 2992 perquirere,

252 3012 300 3086 (v.
315 3011 338 3074 l.
355 3029 391 3078 v.
407 3033 436 3077 c.
451 3015 506 3080 21.
523 3031 578 3081 rx.
595 3018 647 3080 14.
663 3031 750 3079 xrrr.
766 3016 820 3080 13.
842 3031 956 3078 xvrrr.
969 3014 1002 3079 9.
1019 3027 1106 3076 xrx.
1121 3009 1170 3094 5.)
1191 3029 1269 3075 cum
1284 3009 1351 3074 Fa·
1458 3045 1462 3055 =

252 3113 372 3177 verino
394 3116 536 3199 aliisque
558 3119 725 3200 magistris
747 3117 940 3182 domesticis
962 3117 1111 3182 literatos
1129 3113 1264 3178 fabulas
1279 3111 1350 3194 agi-

253 3219 337 3292 tare,
352 3235 428 3280 cum
442 3217 537 3282 Julio
549 3219 659 3284 Paulo
672 3221 706 3284 in
721 3220 863 3284 librariis
878 3219 999 3284 Romae
1014 3215 1198 3293 considere,
1211 3213 1261 3301 (v.
1275 3211 1299 3280 l.
1314 3231 1348 3280 v.

252 3317 284 3380 4.
302 3331 391 3382 xrrr.
404 3318 459 3384 20.
477 3335 591 3385 xvrrr.
605 3319 655 3407 4.)
670 3343 746 3388 cum
762 3321 909 3388 Antonio
920 3321 943 3388 J
945 3321 1059 3386 uliano
1073 3318 1126 3384 vel
1139 3317 1286 3400 Neapoli
1298 3317 1350 3382 vel

253 3417 408 3485 Puteolis
422 3423 646 3507 eloquentiam
661 3426 828 3504 meditari,
837 3429 882 3504 (v.
899 3441 955 3488 rx.
967 3425 1021 3488 15.
1036 3430 1072 3487 et
1085 3436 1194 3485 xvrrr.
1209 3416 1258 3502 5.)
1269 3419 1349 3503 quin

253 3519 422 3586 Graeciam
437 3543 570 3609 quoque
591 3545 657 3591 non
678 3529 809 3592 otiosus
825 3533 997 3611 spectator
1010 3525 1072 3588 sed
1092 3522 1348 3588 honestissimus

252 3621 444 3705 explorator
457 3628 678 3708 perlustraret.
724 3630 793 3694 Hic
809 3629 963 3712 AEginam
977 3627 1134 3704 insulam,
1149 3622 1348 3689 clarissimis

252 3724 333 3789 viris
355 3723 558 3807 Onesicrito,
582 3730 745 3810 Philisco,
768 3732 912 3815 aliisque
933 3730 1079 3795 nobilem
1095 3747 1133 3792 se
1147 3724 1348 3811 praetervehi

251 3845 317 3890 non
329 3845 465 3910 passus,
480 3827 530 3915 (v.
549 3847 587 3896 rr.
601 3832 655 3898 21.
667 3829 790 3917 princ.)
833 3833 1015 3898 Eleusinen
1032 3830 1127 3908 vidit,
1141 3828 1201 3894 ubi
1215 3829 1348 3911 discep-

251 3929 410 3994 tationem
433 3932 497 3996 sibi
520 3951 597 3998 cum
619 3934 849 4002 Grammatico
871 3935 1087 4020 praestigioso
1108 3931 1215 3997 fuisse
1228 3931 1347 3995 refert:

250 4029 299 4112 (v.
315 4031 339 4094 l.
362 4049 444 4097 vrrr.
465 4034 574 4100 lemm.
597 4037 664 4118 10.)
686 4039 770 4105 vidit
794 4039 950 4124 Delphos
971 4044 1004 4102 et
1027 4035 1226 4110 Lebadiam,
1248 4031 1346 4115 cujus

250 4131 381 4197 itineris
394 4133 533 4202 fructum
548 4141 680 4223 egregio
696 4141 794 4224 plane
809 4140 965 4223 exemplo
986 4140 1222 4203 commemorat
1235 4135 1257 4198 l.
1275 4150 1345 4198 ΧΗ.

252 4254 281 4300 e.
295 4235 328 4300 5.
375 4235 467 4317 Quid
482 4239 524 4306 de
540 4242 709 4310 Athenis?
754 4244 825 4310 Hic
848 4241 939 4328 apud
961 4241 1140 4326 magistros
1161 4243 1245 4317 erat,
1266 4234 1305 4323 (l.
1321 4251 1346 4301 ι.
