3076 4866
565 395 686 446 ruuax
710 395 892 446 cserruu.
1234 381 1279 446 65

210 547 249 596 tt.
266 544 351 598 Quam
361 541 396 592 ub
407 555 510 592 causam
521 539 621 592 nubiles
637 541 711 606 pueri
728 538 925 592 Atheniensium
946 537 1015 589 tibiis
1034 552 1130 590 cauere
1142 537 1278 601 desierint,

174 641 235 678 cum
247 624 361 689 petrinus
370 623 448 674 istem
460 637 557 672 morem
566 622 674 672 canendi
685 621 819 672 baberent.

211 709 251 756 le.
268 704 343 757 Quod
355 717 440 768 pugna
452 702 512 752 belli
523 702 606 752 civilis
620 701 780 766 uictorisque
793 701 822 752 c.
834 701 953 763 Cesads,
966 715 1041 765 quarn
1054 701 1116 752 vicit
1127 701 1153 750 in
1165 700 1277 752 Pharsa-

172 787 232 836 licis
244 786 352 848 campis,
367 784 485 832 nuntiata
502 783 678 847 pradictaque
689 790 729 832 est
741 796 788 846 per
799 781 942 846 cujuspiam
955 782 1060 846 remigis
1073 782 1222 834 vaticinium
1235 797 1277 832 eu·

175 866 236 916 dem
248 865 305 928 ipsu
316 865 359 914 die
370 866 396 914 ln
407 864 488 914 ltalia
496 864 609 916 Patavii.

213 949 251 996 19.
270 945 357 995 Verba
377 945 415 994 Μ.
430 945 554 995 Varronis
575 944 700 994 memoria
716 943 806 1007 digua,
822 956 855 991 ex
873 942 968 999 Satira,
986 957 1043 1007 qnae
1062 942 1212 992 inscribitur
1226 942 1278 1008 erpi
1299 990 1302 996 ,

176 1025 319 1087 ἐδεσμάτων.

209 1111 251 1158 2ο.
268 1109 366 1158 Notata
378 1105 495 1173 quedam
507 1104 540 1156 de
555 1105 675 1170 Euripidi
691 1104 775 1169 puisse
786 1119 894 1177 penore,
907 1104 1103 1169 rimationibus,
1115 1105 1197 1169 deque
1209 1105 1277 1169 ejus-

177 1187 239 1238 dem
250 1187 302 1238 tine
311 1187 383 1238 sitae.

209 1271 252 1319 21.
265 1268 342 1321 Quod
353 1283 368 1317 a
380 1268 465 1332 podiis
475 1268 549 1320 Juris
557 1267 604 1318 filii
615 1267 808 1332 prudentissimi
820 1266 1054 1331 humanissimique',
1064 1265 1178 1330 Neptuni
1191 1273 1277 1316 auteur

174 1347 328 1398 immiuimi
339 1355 367 1396 et
374 1347 572 1398 inhumanissimi
582 1348 729 1399 tmdoutur.

210 1433 254 1480 22.
272 1427 390 1478 Historia
408 1427 441 1477 ds
460 1428 573 1477 Sertorio
592 1427 668 1492 duce,
685 1427 770 1492 deque
790 1435 849 1478 astu
870 1427 926 1491 ejus
943 1427 1181 1492 commenticiisque
1201 1428 1279 1476 simu·

175 1509 307 1572 lamentis,
324 1509 416 1574 quibus
433 1508 466 1560 ad
484 1507 607 1560 barbaros
625 1508 720 1558 milites
738 1508 908 1560 continendos
924 1509 1151 1574 conciliandosque
1161 1509 1210 1560 sibi
1221 1515 1278 1558 ute·

176 1590 266 1642 taran

210 1674 253 1722 2³.
270 1669 311 1718 Ile
323 1669 444 1721 cratibus
455 1668 634 1720 historicorum
646 1668 780 1728 nubilium,
791 1669 933 1730 Hellanici,
951 1669 1087 1733 Herodoti,
1097 1669 1262 1734 Tbsrcydirlis.

208 1754 251 1800 24.
267 1749 337 1802 osio
348 1749 484 1800 Vulcatius
493 1749 634 1814 Sedigitas,
651 1750 677 1798 in
689 1751 753 1800 libro
766 1765 840 1816 quem
850 1750 882 1800 de
896 1750 979 1816 poitis
992 1751 1107 1814 scripsit,
1123 1750 1156 1799 de
1174 1749 1278 1800 comicis

177 1829 281 1884 lestinis
294 1829 430 1893 judicarit.

210 1915 252 1962 25.
269 1911 310 1960 De
323 1909 407 1960 verbis
416 1909 568 1974 quibusdum
579 1907 727 1974 nuris,qnse
739 1909 765 1958 iu
775 1909 822 1960 Cu.
831 1909 907 1958 Mutii
920 1908 1071 1962 mimiambis
1081 1905 1278 1958 offenderamus.

211 1996 252 2041 26.
270 1991 371 2043 Quibus
388 1991 472 2040 serbis
485 1989 639 2040 Aristoteles
650 1991 813 2055 plrlloscplrus
825 1989 954 2040 definierit
965 1989 1155 2053 syllogisnuuu3
1171 1990 1278 2054 equque

176 2069 336 2122 delinitionis
346 2069 608 2133 interpretamentum
621 2070 706 2120 serbis
718 2070 816 2120 Latinis
827 2067 932 2120 fuctum.

211 2153 254 2199 27.
270 2149 341 2202 Quid
352 2151 404 2199 siut
419 2150 540 2200 ‘comitia
548 2150 651 2212 caleta,'
665 2149 725 2213 quid
736 2147 872 2210 ‘curista,'
881 2148 942 2214 quid
954 2147 1133 2210 ‘centuriata,'
1144 2148 1204 2211 quid
1216 2147 1277 2196 ‘tri-

178 2229 261 2293 buta,’
278 2229 339 2294 quid
355 2229 527 2290 ‘concilium'
544 2237 623 2294 utque
634 2230 696 2280 inibi
707 2229 824 2294 quasdam
836 2229 971 2293 ejusmodi.

212 2314 253 2360 28.
270 2310 346 2362 Quod
358 2309 456 2360 errarit
465 2311 600 2360 Cornelius
612 2311 713 2374 Nepos,
730 2325 789 2360 cum
800 2310 906 2374 scripsit
918 2311 1070 2360 Ciceronem
1082 2316 1135 2360 tres
1147 2315 1175 2358 et
1186 2307 1278 2371 viginti

180 2404 261 2440 sunus
273 2398 360 2440 natum
372 2405 475 2440 causam
488 2405 535 2454 pru
547 2391 606 2440 Sex.
619 2391 712 2442 Roscio
727 2391 830 2440 dixisse.

214 2475 255 2520 29.
266 2471 344 2523 Quali
355 2469 574 2535 liguraoratiuuis
586 2479 614 2522 et
626 2487 701 2536 quum
713 2487 778 2522 nova
790 2473 819 2522 1..
832 2471 894 2522 Piso
905 2471 1034 2522 muntium
1046 2470 1157 2532 scriptor
1167 2483 1226 2518 usus
1237 2469 1278 2518 sit.

213 2555 255 2601 8⁰.
272 2551 433 2610 Vehiculum,
451 2551 521 2616 quud
537 2551 721 2616 ‘petorritum'
739 2552 896 2616 appellatur,
912 2551 1007 2614 cujatis
1018 2551 1111 2614 liuguae
1124 2548 1277 2599 rucabulurn

181 2631 225 2694 sit,
242 2631 345 2681 Graecae
358 2645 390 2679 an
403 2631 522 2681 Gallice.

213 2715 256 2761 sl.
273 2713 338 2763 Qure
351 2710 430 2760 verba
441 2711 586 2776 legaverint
598 2711 693 2762 erudii
711 2711 742 2762 ad
759 2711 868 2762 hostium
881 2710 974 2762 ducem
986 2711 1159 2772 Demetrium,
1175 2725 1232 2758 cnru
1245 2709 1278 2758 ab

181 2805 214 2842 eu
226 2790 416 2856 obsiderentur,
432 2807 511 2857 super
521 2793 565 2842 illa
574 2794 671 2858 inclyta
682 2793 762 2856 Ialysi
773 2793 894 2856 imagine.

485 2917 658 2966 cumerio
668 2919 823 2966 comederim
833 2918 882 2967 brec
891 2917 980 2968 insani.

214 3026 238 3071 t.
255 3021 346 3071 Verba
362 3021 477 3072 Musunii
495 3023 643 3086 pbilusupbi
661 3023 765 3087 Grues,
781 3023 859 3087 digus
870 3031 948 3088 atque
960 3023 1032 3072 utilia
1044 3019 1126 3072 audiri
1138 3018 1279 3070 observari·

180 3115 242 3167 que,
260 3102 429 3167 ejusdemque
441 3104 562 3154 utilitatis
572 3108 703 3156 sententia
713 3120 727 3154 a
739 3106 778 3155 Μ.
791 3105 891 3156 Catone
903 3104 989 3155 multis
1000 3111 1060 3153 ante
1071 3101 1145 3152 aunis
1166 3102 1279 3150 Numan·

180 3183 226 3232 tiu
237 3181 269 3230 ed
281 3182 381 3246 equites
393 3183 472 3234 dicta.
771 3185 773 3190 '

214 3265 239 3311 2.
251 3261 369 3312 Cuimudi
381 3263 416 3312 sit
427 3264 469 3314 len
482 3263 551 3328 apud
563 3263 714 3316 dialecticus
726 3265 912 3330 percunctandi
923 3263 1128 3332 disserendique,
1137 3267 1165 3312 et
1177 3275 1232 3325 quse
1244 3259 1280 3309 sit

180 3341 239 3404 ejus
252 3342 318 3405 legis
330 3344 504 3407 reprehensio.

213 3425 239 3470 d.
248 3423 367 3474 Quanam
379 3423 480 3473 ratione
491 3423 559 3474 effici
571 3424 667 3474 dixerit
677 3425 848 3474 Erasistratus
859 3424 984 3486 medicus,
992 3423 1013 3473 si
1025 3423 1097 3474 cibus
1109 3421 1176 3472 t‘urte
1187 3421 1280 3478 deerit,

180 3507 212 3551 ut
233 3503 339 3552 tolerari
361 3503 547 3568 aliquantisper
566 3503 653 3554 iusdia
673 3506 765 3568 possit,
782 3511 810 3555 et
829 3505 935 3556 tolerari
954 3503 1052 3556 fames:
1074 3505 1203 3566 uerbaque
1223 3503 1280 3565 ipsa

180 3581 335 3632 Erasistrati
347 3598 425 3647 super
436 3599 467 3634 ee
479 3599 507 3634 re
516 3583 626 3648 scripta.
934 3573 937 3580 ¹

213 3663 310 3715 ⁴..Quu
322 3663 373 3713 ritu
381 3664 526 3729 quibusque
537 3664 623 3714 verbis
633 3663 733 3714 fecialis
744 3665 833 3730 populi
844 3665 952 3716 Romani
961 3665 1055 3716 bellum
1067 3663 1180 3714 indicere
1192 3661 1280 3710 solitus

182 3741 218 3792 sit
228 3741 277 3802 bis,
287 3741 380 3806 quibus
393 3745 502 3807 pupulus
515 3745 645 3793 Romanus
658 3743 753 3794 bellum
763 3743 819 3795 fieri
827 3746 949 3810 jusserat.
971 3747 1006 3796 Et
1018 3745 1116 3795 iteruin
1128 3757 1187 3807 quse
1200 3739 1280 3790 verbs

180 3827 335 3884 mueeptum
346 3819 426 3871 suerit
432 3822 614 3886 jusjssraudum
624 3822 658 3872 ds
669 3822 747 3874 furtis
758 3826 912 3878 militaribus
921 3825 1076 3887 sanciendis,
1093 3832 1121 3874 st
1136 3823 1172 3872 uti
1186 3821 1279 3870 milites

179 3901 274 3966 scripti
284 3901 353 3951 intra
365 3903 518 3966 predictum
528 3905 597 3956 diem
609 3905 636 3954 iu
648 3906 705 3956 lucu
717 3915 790 3956 cartu
805 3905 1012 3971 frequentarent,
1028 3907 1110 3956 causis
1127 3899 1279 3967 quibusdam

180 3983 311 4046 exceptis,
328 3991 438 4047 propter
449 3999 512 4050 ques
524 3986 549 4036 id
561 3986 742 4050 jusjurandum
755 3989 853 4038 remitti
866 4003 967 4053 aequum
978 3993 1055 4036 emet.

213 4065 238 4112 b.
257 4061 455 4112 ‘Vestibulum’
472 4065 533 4129 quid
546 4065 689 4129 siguificct;
706 4065 790 4132 deque
802 4070 857 4132 ejus
870 4068 988 4118 vocabuli
1001 4063 1152 4116 rationibus.

214 4145 240 4191 d.
257 4141 441 4209 Hostiae,un
461 4145 583 4196 dicuutur
597 4147 754 4211 ‘bidentss,'
772 4150 834 4214 quid
852 4157 923 4210 sunt,
938 4155 966 4197 st
982 4161 1057 4212 quatu
1075 4145 1108 4196 ub
1127 4142 1283 4194 custumiis

181 4221 322 4285 appellatae
333 4229 409 4274 sunt:
426 4239 555 4291 superque
566 4241 598 4278 aa
608 4241 637 4278 re
653 4227 686 4278 P.
698 4228 795 4291 Nigidii
807 4235 834 4280 et
844 4229 908 4280 iulii
921 4227 1011 4294 iligiui
1021 4226 1167 4284 sententie.

246 4301 335 4366 Delplr.
344 4310 368 4352 et
377 4304 438 4356 Vsr.
450 4307 515 4357 cus.
688 4309 721 4359 Α.
736 4309 800 4358 Geli.
1194 4305 1215 4353 Β
