3076 4866
238 381 260 444 2
619 395 750 444 siconi
776 397 957 446 canuntur

239 542 381 610 antchac
396 560 449 606 me
462 541 643 606 immunem
656 540 760 624 hujus
774 541 902 608 laboris
913 543 1029 627 optavi
1040 544 1233 628 curavique,
1243 550 1336 611 tanto

238 646 364 730 impetu
378 663 462 708 nunc
483 649 642 726 expertus
664 643 711 707 sni
732 663 785 708 me
806 645 934 728 impelli
956 645 998 708 ad
1020 665 1095 709 eum
1115 646 1335 724 subeundum,

239 754 278 812 ut
292 746 454 830 patientia
468 747 530 809 vix
543 746 649 810 libera
667 752 867 828 superesset.
912 746 1006 811 Huic
1027 749 1169 831 tempori
1190 748 1334 812 debeba-

239 857 295 914 tur
306 853 396 914 tanto
410 847 536 932 majore
546 847 620 931 jure
635 847 713 910 talis
728 846 835 925 labor,
850 849 1007 930 quoniam
1018 849 1219 932 praecedenti
1229 869 1336 914 saecu-

238 953 273 1016 ln
287 957 356 1016 tam
378 949 535 1034 frequens
556 955 592 1014 et
608 950 708 1014 latus
728 950 947 1034 scriptionum
962 957 1146 1036 proventus
1162 953 1284 1028 extitit,
1302 953 1337 1014 in

239 1073 379 1138 quaram
395 1053 488 1124 nulla
500 1073 566 1117 non
581 1052 698 1117 videas
721 1049 867 1118 Gellium
891 1052 935 1118 ad
955 1043 1069 1138 partes
1090 1053 1217 1130 vocari,
1236 1061 1276 1118 ut
1290 1053 1337 1120 ci-

239 1163 336 1232 tetur,
352 1161 505 1231 mutetur,
521 1154 718 1237 explicetur,
734 1155 902 1239 judicium
921 1155 956 1218 in
973 1174 1013 1220 eo
1029 1161 1223 1220 exerceatur
1235 1155 1337 1218 etiam

240 1256 383 1332 abillis,
409 1257 466 1340 qni
489 1263 527 1320 ut
550 1241 775 1320 conditionem
798 1255 902 1322 Gellii
927 1263 1117 1335 noscerent,
1139 1256 1256 1341 pedem
1277 1275 1338 1320 un·

240 1376 341 1442 quam
356 1377 424 1421 non
435 1365 608 1421 moverunt
622 1377 682 1421 nac
696 1357 776 1421 ullis
786 1358 940 1423 insistere
950 1359 1070 1424 videas
1085 1357 1236 1422 auxiliis.
1280 1357 1337 1421 Id-

240 1461 331 1525 circo
346 1459 424 1536 ista,
441 1479 518 1542 quae
534 1459 637 1539 vides,
652 1460 803 1524 adhiberi
817 1461 949 1524 tandem
960 1466 996 1524 et
1011 1461 1124 1543 colligi
1136 1460 1181 1524 ad
1194 1461 1337 1543 pretium

241 1561 453 1626 statuendum
468 1569 503 1625 et
517 1559 629 1625 Gellio
641 1561 888 1626 consulendum
903 1561 1023 1628 referre
1038 1563 1222 1628 videbatur.
1253 1562 1339 1626 Ure·

239 1665 301 1728 bat
315 1683 368 1728 mc
383 1665 457 1746 ipse
482 1663 678 1746 cupiditatis
692 1672 840 1748 patemae
859 1667 955 1730 ardor
978 1667 1013 1729 in
1035 1667 1151 1730 harum
1176 1664 1337 1730 Noctium

242 1765 419 1849 splendore
435 1766 585 1848 augendo
602 1773 636 1831 et
650 1765 878 1832 instaurando.
922 1767 1024 1832 Hanc
1039 1768 1115 1852 ipse
1130 1766 1209 1830 mihi
1225 1767 1338 1850 priva·

236 1869 311 1944 tim,
326 1887 388 1950 per
409 1868 526 1932 literas
541 1867 659 1931 amicis
674 1887 767 1950 saepe
782 1874 926 1934 testatus
941 1876 1025 1947 erat,
1046 1875 1080 1933 et
1101 1868 1267 1934 referebat
1281 1887 1337 1932 co-

241 1970 358 2050 gitatin
372 1990 380 2050 ;
397 1971 498 2033 etiam
510 1970 715 2034 lineamenta
729 1971 886 2054 principii
902 1991 1004 2062 nuper
1015 1970 1095 2035 editi
1110 1969 1231 2034 oculos
1245 1971 1337 2040 iden-

241 2070 344 2135 tidem
369 2072 519 2136 ferientia
543 2071 607 2135 hnc
630 2091 684 2135 me
704 2091 829 2136 vocare
843 2071 1054 2137 videbantur.
1097 2055 1157 2136 Sic
1176 2077 1338 2136 tormento

241 2175 336 2238 velut
349 2174 490 2238 adactus
505 2191 591 2251 sum,
612 2181 652 2237 nt
676 2190 717 2237 ne
738 2173 864 2237 diutius
887 2180 939 2237 tot
961 2174 1110 2239 literulas
1134 2173 1246 2240 veleb
1260 2174 1338 2257 ipso

241 2277 296 2340 rel
312 2295 333 2340 a
346 2297 400 2340 me
416 2276 586 2340 confectas
595 2283 630 2340 et
641 2275 684 2339 ad
693 2275 809 2338 harum
822 2273 854 2336 N
856 2275 983 2339 octium
992 2275 1126 2358 ingenia
1139 2275 1339 2340 illustranda

241 2385 342 2462 atque
364 2378 406 2442 ad
429 2377 565 2459 originis
578 2395 650 2440 sune
667 2381 884 2453 venustatem,
903 2376 991 2440 unde
1014 2395 1074 2460 per
1093 2377 1188 2442 nefas
1208 2377 1340 2441 luerunt

242 2479 380 2544 nimium
397 2480 567 2556 abductae,
582 2477 780 2554 reducenda,
796 2483 836 2541 nt
849 2477 961 2542 forsan
983 2495 1050 2542 non
1065 2497 1126 2562 per
1143 2479 1267 2556 omnia,
1288 2481 1338 2542 sic

241 2581 381 2646 multum
396 2588 487 2644 certe
501 2576 655 2644 efficaces
670 2597 712 2644 ac
727 2579 857 2644 validas
876 2586 1009 2662 paterer
1025 2599 1146 2664 segnes
1160 2587 1193 2646 ct
1206 2581 1339 2645 inutiles

238 2684 360 2767 jacere.
406 2682 439 2746 N
441 2702 484 2747 on
494 2682 566 2766 jam
582 2683 670 2747 ultra
682 2683 868 2747 deterrebar
882 2684 1002 2761 omine,
1018 2684 1107 2767 quod
1119 2684 1238 2750 scirem
1251 2690 1340 2748 trac·

243 2787 306 2850 tari
323 2805 344 2848 a
358 2803 409 2848 me
425 2786 624 2868 scriptorem
649 2793 720 2849 tam
742 2786 897 2851 violentae
919 2792 953 2850 et
972 2786 1180 2870 pemiciabili
1201 2803 1339 2849 execra-

243 2889 323 2952 tioni
339 2888 525 2953 obnoxium
539 2893 573 2951 et
586 2887 682 2971 qnasi
697 2887 865 2966 devotum,
879 2895 915 2952 ut
928 2888 1002 2972 ejus
1022 2889 1213 2953 accuratior
1226 2905 1339 2951 emen·

242 2991 335 3055 datio
349 2990 433 3054 nnlli
447 3009 572 3068 eorum,
596 2983 680 3071 quos
704 2991 791 3052 bene
810 2991 936 3072 politos
951 2997 984 3054 et
997 2990 1075 3053 huic
1089 2990 1222 3072 negotio
1236 3007 1338 3072 pares

243 3092 384 3173 legimus
406 3091 492 3154 adeo
515 3090 636 3155 multos
660 3090 816 3154 auxiliari
836 3098 872 3153 et
893 3110 994 3174 opem
1014 3093 1099 3156 fene
1122 3092 1191 3156 ista
1206 3091 1337 3155 ratione

243 3193 403 3272 voluisse,
424 3193 582 3277 filumque
603 3193 666 3257 boc
690 3211 834 3256 exorsos
849 3193 969 3271 fnisse,
991 3194 1103 3258 fauste
1124 3199 1159 3257 et
1178 3209 1240 3277 pro
1255 3199 1335 3255 voto

243 3297 404 3360 cesserit:
420 3295 507 3359 adeo
519 3301 556 3358 ut
568 3313 644 3359 cum
659 3295 780 3377 partim
793 3302 1013 3360 memorentur
1027 3294 1233 3378 multiplices
1247 3310 1337 3357 curae

243 3399 278 3462 in
293 3397 367 3482 ejus
382 3399 507 3463 bonum
523 3398 709 3473 exhaustae,
727 3397 848 3479 partim
864 3416 999 3480 qnoque
1012 3403 1128 3460 extare
1137 3395 1211 3479 jam
1225 3411 1339 3478 coepc·
1454 3391 1457 3398 ’

241 3499 310 3564 rint
323 3500 503 3583 primordia
518 3499 738 3582 scriptionum
752 3499 839 3562 satis
853 3498 994 3576 fervide,
1007 3499 1163 3562 nnirersa
1173 3503 1283 3560 tamen
1294 3496 1338 3559 ab

243 3601 373 3666 invidia
388 3601 530 3685 quadam
546 3601 639 3665 velut
652 3599 787 3664 Saturni
803 3597 900 3664 secde
913 3599 1035 3664 suerint
1046 3601 1189 3684 praecisa
1197 3605 1230 3662 et
1238 3600 1338 3662 inter·

242 3708 351 3786 rupta.
396 3703 475 3768 Non
501 3709 556 3768 est
584 3703 686 3768 credo
708 3704 805 3780 liber,
825 3703 917 3768 circa
940 3723 1036 3787 quem
1057 3703 1164 3786 magis
1186 3717 1280 3766 acres
1302 3707 1339 3764 et

243 3811 399 3887 urgentes
413 3812 447 3870 et
460 3807 546 3870 bene
561 3806 664 3870 multa
678 3806 871 3888 pollicentes
883 3805 1067 3869 extiterunt
1077 3811 1222 3868 conatus
1232 3801 1339 3866 honri-

242 3926 323 3972 num
345 3909 521 3974 doctorum
541 3926 647 3992 prope
670 3908 771 3974 finem
793 3909 911 3974 saecoli
933 3907 1164 3991 quintidecimi
1187 3912 1224 3970 et
1244 3906 1340 3970 initia

244 4011 410 4092 sequentis
437 4010 576 4075 adeum
602 4011 846 4076 illuminatione
871 4010 997 4092 ingenti
1018 4007 1222 4093 poliendum,
1236 4025 1338 4090 quam

244 4111 298 4174 hic
314 4112 385 4193 ipsc
400 4111 541 4176 Gellius.
587 4111 666 4177 Non
689 4114 788 4178 aliter
808 4131 849 4178 ac
874 4113 905 4177 si
925 4113 1013 4177 hunc
1035 4129 1111 4175 esse
1132 4110 1339 4185 statuissent,

243 4212 302 4294 qni
318 4213 371 4302 vei
385 4214 531 4278 maxime
555 4220 673 4300 posset
694 4215 870 4298 explorare
889 4215 1022 4280 illorum
1037 4211 1148 4277 studia
1162 4213 1228 4277 ista
1241 4216 1273 4276 at
1285 4231 1339 4276 re·
