3076 4866
494 409 497 416 ·
628 353 836 432 rnnrnrro.
1162 391 1165 404 ·
1233 369 1280 438 ro

178 527 278 603 unici,
294 527 419 609 quanta
428 528 581 590 notarum
590 525 687 590 turba
698 531 831 590 exemta
842 525 964 591 fnisset
974 525 1115 610 lhysio,
1127 526 1163 592 in
1175 526 1276 612 cujus

176 628 351 692 notisiere
369 633 544 709 utramque
565 625 723 707 pagiuam
740 624 872 690 iaciunt
896 625 1091 691 differentiae
1116 625 1277 692 editionis

177 728 278 812 hujus
291 729 346 792 vel
359 727 453 792 illius
467 727 510 790 ab
520 725 747 809 Stephauiaua
758 731 817 790 aut
826 725 997 791 Patemat
1020 747 1098 811 quae
1112 737 1190 794 sunt
1204 748 1274 793 om-

176 832 234 894 nia
249 827 374 892 nullius
388 827 559 891 momenti.
602 821 760 904 Accedit,
775 833 889 891 utnon
904 847 1080 911 assequar,
1089 848 1149 893 cur
1158 829 1193 893 in
1207 831 1276 896 ista

177 929 392 996 Bibliotheca
406 931 529 994 Latina
543 930 720 1006 scribatur,
743 933 754 962 ‘
769 929 905 996 Primus
926 931 1076 997 Gellium
1096 932 1199 997 edidit
1213 931 1276 997 Al·

175 1033 242 1096 dus
255 1031 430 1097 Manutius
448 1030 606 1097 Venetiis
629 1034 726 1098 1477.
770 1031 855 1098 Inde
871 1035 998 1118 saepius
1012 1033 1048 1098 in
1064 1033 1176 1113 Italia,
1191 1033 1274 1100 Gal·

173 1135 243 1212 liis,
265 1132 449 1198 Germania
470 1133 624 1216 vulgatus
639 1133 712 1200 est!
757 1133 857 1199 Unde
875 1138 962 1200 enirn
978 1137 1090 1219 potuit
1104 1136 1139 1200 id
1153 1137 1273 1202 habere

173 1237 216 1313 is,
230 1236 292 1319 qui
309 1235 403 1300 Petri
418 1233 592 1300 Lamhecii
614 1234 830 1318 prodromum
852 1235 1118 1300 lucubrationum
1140 1237 1175 1301 iu
1195 1236 1275 1302 Get·

172 1337 223 1402 lio
238 1357 316 1422 pag.
331 1336 386 1402 23.
397 1336 492 1420 legit,
508 1336 567 1400 nbi
582 1336 664 1402 citat
678 1335 837 1402 Aldiuam
849 1337 1042 1415 editionem,
1057 1358 1134 1422 quea
1150 1338 1273 1404 Romae

160 1440 301 1525 prodiit
336 1457 423 1504 anno
452 1453 722 1504 crococcuxrx.
747 1446 779 1503 et
806 1438 1046 1504 Jensonianem
1074 1441 1274 1525 impressam

173 1539 329 1605 Venetiis
352 1539 659 1606 oroccccnxxtr.l
689 1559 733 1606 ex
748 1560 815 1624 qua
830 1540 1033 1622 negligentia
1041 1541 1194 1624 judicavi
1209 1542 1273 1606 im-

172 1644 324 1726 positum
338 1648 375 1706 et
387 1643 571 1728 injunctum
597 1640 677 1704 mihi
697 1661 784 1719 esse,
796 1650 835 1706 ut
858 1661 934 1726 quae
949 1642 991 1706 de
1005 1639 1121 1708 Gellio
1137 1643 1275 1726 collegi,

173 1745 385 1829 ordinepost
405 1763 447 1809 ea
466 1762 543 1827 quea
566 1744 726 1826 praemitti
741 1745 899 1820 assolent,
913 1763 1099 1828 exponam.
1144 1744 1275 1810 Nescio

173 1856 289 1914 autern
312 1867 357 1912 an
379 1865 445 1910 non
468 1847 513 1910 sit
537 1845 699 1928 deceptus
721 1864 782 1929 per
804 1844 1010 1930 Thynianam
1038 1845 1273 1924 eruditionem,

173 1969 275 2034 quam
295 1957 471 2032 tantopere
494 1947 622 2025 laudat,
644 1966 811 2032 quamque
832 1947 982 2031 Thysius
1007 1949 1131 2032 profert
1145 1947 1204 2012 lib.
1216 1963 1272 2012 rx.

172 2071 250 2136 cap.
265 2053 320 2117 11.
333 2069 408 2136 pag.
417 2051 493 2116 483.
516 2050 592 2115 ‘lta
606 2050 684 2117 Vet.
700 2050 765 2116 Ed.
778 2049 950 2114 Venami
962 2065 1271 2116 croccccuxxvu.

173 2174 251 2238 quae
264 2154 342 2220 vice
358 2153 426 2218 Ms.
442 2171 520 2218 esse
533 2152 672 2238 potest’
716 2153 786 2218 Sed
806 2153 914 2216 bonus
929 2151 983 2216 ille
999 2152 1050 2216 vir
1063 2171 1103 2215 ne
1120 2152 1182 2216 hoc
1198 2151 1272 2234 qui-

172 2257 248 2322 dem
264 2259 347 2323 dicit
361 2276 406 2321 ex
422 2276 471 2333 sc,
485 2275 600 2320 verum
615 2255 681 2320 ista
696 2254 842 2320 editione
856 2259 955 2318 utens
969 2271 1014 2316 ex
1028 2251 1167 2339 publica
1180 2252 1272 2318 Aca-

172 2359 296 2425 demiae
316 2358 418 2444 hujus
440 2356 665 2434 Bibliotheca,
688 2373 787 2439 quam
811 2354 861 2419 illi
878 2353 1064 2419 donaverat
1077 2353 1272 2431 Putschius,

170 2462 259 2526 vidit
273 2463 378 2526 verba
393 2460 544 2525 Putschii
558 2460 593 2523 in
607 2459 741 2542 paginis
767 2457 883 2541 primis
911 2456 1082 2540 exposita,
1098 2464 1134 2520 et
1155 2456 1272 2521 statim

170 2563 325 2628 eredidit.
369 2561 632 2644 Chirograpbum
654 2559 808 2624 Putschii
834 2557 926 2641 quod
950 2556 1116 2640 hodieque
1145 2557 1271 2640 inspici

171 2667 218 2731 ab
242 2681 446 2748 unoquoque
471 2668 599 2746 potest,
620 2660 687 2726 hoo
710 2667 773 2724 est
819 2657 938 2723 ‘Usui
959 2659 1143 2722 crescentis
1166 2659 1277 2724 indies

170 2766 396 2832 Bibliothecae
411 2763 654 2830 Illustrissimae
675 2768 779 2845 atque
791 2779 852 2845 per
865 2778 980 2826 omnes
996 2777 1072 2824 oras
1085 2760 1272 2824 famosissi-

170 2889 238 2934 mae
261 2867 459 2933 Academiae
485 2864 594 2949 Lugd.
614 2865 756 2929 Batavos
780 2861 888 2927 1,.11.
911 2859 957 2938 Q.
982 2861 1116 2943 reliquit
1145 2860 1272 2926 Helias
1298 2919 1304 2930 .

170 2971 356 3037 Putschius
371 2968 645 3036 Germanicarum
669 2967 775 3032 rerum
799 2961 990 3047 Scriptores
1005 2981 1027 3026 a
1042 2961 1186 3025 Frehero
1200 2961 1271 3026 edi·

170 3080 239 3150 tos,
250 3070 297 3137 A.
308 3070 413 3136 Gellii
424 3068 551 3136 Noctes
566 3067 701 3133 Atticas
713 3067 900 3150 impressas
915 3083 946 3129 a.
959 3077 1271 3130 croccoonxxvn.

171 3173 265 3239 Flori
281 3173 408 3239 Rerum
431 3193 453 3240 a
478 3171 644 3237 Romanis
664 3176 831 3252 gestamm
846 3167 904 3233 lib.
922 3184 972 3230 ιν.
995 3165 1186 3250 Principem
1202 3165 1273 3231 edi·

173 3276 312 3342 tionem.
357 3275 446 3340 Haec
462 3274 530 3338 Ms.
546 3272 654 3338 vicem
670 3274 831 3354 praestare
845 3265 1010 3352 possunt?

216 3377 316 3443 Certe
338 3395 410 3460 prae
434 3375 594 3440 universa
616 3371 677 3437 illa
703 3369 899 3435 recensione
926 3385 1036 3432 rerum
1060 3366 1102 3430 ad
1124 3364 1271 3431 Gellium

171 3478 397 3566 spectantium
410 3475 603 3540 maluissem
618 3491 664 3538 ex
683 3471 755 3537 viro
769 3469 899 3534 laboris
915 3468 1033 3534 sedulo
1048 3467 1270 3544 intellexisse,

170 3580 256 3667 quid
270 3597 346 3663 pag.
368 3577 423 3642 53.
446 3595 564 3642 sensus
588 3579 679 3641 esset
699 3573 733 3637 iu
754 3571 806 3636 his
829 3569 955 3634 Marini
970 3569 1100 3636 verbis:
1135 3563 1272 3651 ‘Hytaet

169 3681 229 3756 νίας
243 3680 387 3766 δείγματα
400 3677 488 3766 φέρων
501 3679 550 3741 nal
566 3679 598 3742 ia
612 3673 760 3762 μειρακίου
773 3674 879 3758 ἃναργῆ
901 3675 1001 3734 πασῶν
1021 3673 1193 3760 προγονικῶν
1207 3670 1272 3752 ἀρε·

169 3789 238 3864 τῶν,
253 3783 304 3847 καὶ
318 3787 368 3861 τῆς
380 3779 562 3856 ἀπολωλότος
572 3784 684 3866 χρυσῆς
699 3775 781 3852 ὅπως
795 3779 845 3838 τοῦ
859 3771 955 3860 ydrons
969 3773 1079 3860 σειροῖς.
1112 3769 1271 3852 Intelligo

170 3887 280 3972 σειρὰν,
294 3886 357 3952 sed
372 3905 437 3951 non
458 3883 609 3967 intelligo
632 3879 734 3946 simul
758 3878 883 3955 omnia,
905 3895 968 3940 nec
991 3875 1272 3940 constmctiouem

169 3988 392 4074 posteriorum
419 4005 553 4064 vocum,
578 3983 702 4048 nedum
727 3985 765 4044 ut
787 3979 866 4044 inde
894 3975 1050 4058 exsculpi
1071 3973 1181 4057 possit
1205 3973 1272 4036 ista

170 4091 284 4155 versio
299 4096 310 4126 ‘
326 4111 408 4156 sane
427 4109 516 4154 uuus
530 4107 573 4154 ex
589 4104 704 4170 genere
719 4101 830 4149 aureae
844 4079 938 4144 illins
953 4081 1096 4152 catena,
1111 4093 1189 4157 quae
1199 4071 1272 4155 jam

168 4190 299 4276 pridem
314 4193 423 4257 oculis
433 4190 601 4256 hominum
617 4208 654 4276 se
670 4181 855 4262 subduxit,'
879 4199 937 4264 per
958 4195 1059 4262 quarn
1073 4193 1142 4242 vox
1157 4178 1271 4238 ἁπολω·
