3076 4866
240 341 283 408 12
617 358 746 406 rscoar
771 355 954 406 cnonovrr

240 501 348 566 solide
362 501 563 567 venerabilia
576 503 641 567 ista
659 503 863 585 antiquitatis
880 505 1009 586 ingenia
1022 503 1120 568 nosci
1135 509 1168 568 et
1189 506 1340 588 perspici

240 610 405 692 possunt3
443 612 477 670 et
498 605 683 687 praesertim
709 604 813 669 editio
838 606 950 689 aliqua
973 605 1130 674 decenter
1153 608 1339 689 profligari:

241 714 340 794 prout
355 710 465 773 visum
480 707 546 772 suit
559 707 660 770 etiam
677 708 754 784 illis,
778 709 836 790 qui
859 708 995 790 gloriam
1018 709 1204 772 studiorum
1227 711 1259 772 in
1275 710 1339 776 has

242 817 346 878 terras
372 812 581 887 invexerunt,
601 810 667 874 etsi
690 809 791 873 hodie
814 830 888 876 cum
912 811 1047 876 miseria
1069 811 1206 892 publica
1231 813 1341 876 soleat

242 913 340 979 aliter
359 911 442 989 lieri,
466 919 501 975 et
526 912 759 988 conscribitur,
782 911 861 975 dum
884 912 1093 993 imprimitur,
1117 915 1153 974 ut
1175 911 1241 994 ipsi
1260 913 1340 978 huic

242 1015 357 1083 Gellio
369 1021 464 1098 patet
479 1013 663 1096 contigisse
683 1019 716 1077 et
738 1014 780 1076 ab
802 1012 931 1094 Thysio
953 1021 986 1076 et
1006 1015 1048 1077 ab
1071 1013 1212 1090 Oiselio,
1235 1021 1340 1098 utque

242 1117 479 1182 animadvertis
492 1116 649 1199 prodisse
663 1115 762 1180 hodie
775 1116 861 1180 istas
873 1116 1037 1178 editiones
1049 1115 1246 1180 Graecorum
1261 1136 1342 1180 auc-

242 1226 359 1296 torum,
374 1237 588 1302 nequaquam
610 1238 651 1282 eo
673 1218 797 1296 studio,
820 1226 858 1282 ut
880 1219 1003 1282 inillis
1026 1218 1153 1300 aliquid
1171 1220 1340 1300 egregium

183 1357 184 1362 κ
243 1329 277 1386 et
291 1321 431 1386 antehae
445 1321 554 1384 latens
569 1327 604 1386 et
617 1322 722 1385 multo
736 1322 851 1386 labore
862 1342 904 1386 ex
915 1322 1020 1385 fundo
1036 1321 1151 1404 aliquo
1166 1327 1340 1404 receptum

244 1423 455 1488 exhiberetur
469 1423 512 1486 ab
526 1423 660 1505 ingenio
675 1430 709 1488 et
722 1424 873 1488 doctrina
889 1424 1035 1488 editoris.

253 1555 256 1562 ·
288 1524 401 1588 Multa
425 1527 567 1607 posthac
591 1525 636 1590 ad
661 1525 697 1589 id
726 1526 915 1592 faciendum
938 1527 1058 1591 oborta
1085 1533 1140 1591 est
1162 1525 1340 1610 inopinata

245 1628 490 1710 opportunitas,
500 1627 661 1710 quotidie,
673 1635 713 1692 ut
724 1647 768 1693 ex
778 1629 849 1693 vita
859 1647 932 1692 mea
944 1628 1041 1692 facile
1051 1634 1202 1692 constare
1213 1633 1340 1710 potest,

245 1729 461 1795 offerentibus
485 1750 527 1794 se.
545 1731 679 1795 causis:
698 1751 811 1795 verum
835 1737 869 1795 et
891 1749 958 1794 non
980 1729 1083 1794 semel
1105 1729 1259 1813 voluptas
1282 1750 1343 1812 per

245 1851 375 1898 omnem
398 1831 556 1916 deinceps
579 1831 729 1897 Gellium
751 1831 859 1910 cundi,
881 1851 959 1915 qnae
982 1831 1094 1914 augeri
1109 1837 1180 1894 tum
1195 1833 1343 1895 maxime

245 1933 342 2013 solet,
357 1953 423 2017 qno
437 1936 544 2017 magis
558 1935 770 2018 intelligentia
788 1936 972 1999 instruitur.
1018 1933 1085 1998 Sed
1099 1953 1229 2016 semper
1243 1935 1343 1998 inter-

245 2035 392 2119 pellatus
404 2035 482 2099 hinc
497 2035 531 2101 id
545 2035 657 2118 ipsum
676 2055 765 2100 nuno
780 2041 909 2100 strenue
930 2037 1062 2113 iteravi,
1077 2042 1115 2099 ut
1130 2039 1163 2098 et
1176 2035 1258 2100 nihil
1272 2055 1341 2100 non

245 2155 357 2200 eornm
373 2155 448 2220 quae
463 2139 645 2201 memoravi
661 2136 876 2214 adhibuerim,
893 2139 970 2201 etsi
986 2137 1068 2221 quid
1082 2156 1128 2202 ex
1139 2136 1258 2202 codice
1273 2157 1342 2202 non

246 2238 344 2302 valde
368 2239 508 2322 antiquo
529 2240 564 2304 S.
581 2239 690 2303 Marci
716 2239 807 2321 apud
834 2240 1034 2304 Florentiam
1055 2239 1165 2304 obiter
1187 2240 1341 2322 inspecto

246 2340 358 2419 irater,
374 2343 500 2425 siquid
518 2343 590 2426 ipse
614 2343 648 2405 in
674 2341 847 2418 Thuaneo,
864 2361 964 2425 quem
988 2341 1131 2406 Parisiis
1156 2341 1274 2406 itidem
1290 2343 1341 2404 in-

246 2443 358 2526 spexi,
373 2443 577 2526 deprehendi
593 2444 636 2508 ab
658 2443 773 2526 aliqua
793 2443 963 2508 Gellianae
987 2442 1222 2508 illustrationis
1245 2449 1341 2526 parta

246 2561 314 2608 non
329 2543 486 2620 alienum,
502 2543 652 2608 studiose
675 2543 813 2628 prodere
838 2545 873 2608 in
896 2545 1007 2609 animo
1032 2544 1216 2622 habuerim,
1232 2551 1268 2610 ut
1290 2546 1342 2610 ita

248 2651 348 2722 certe,
366 2664 432 2728 quo
453 2646 525 2710 solo
541 2646 642 2710 modo
655 2646 725 2712 lieri
747 2653 871 2729 potest,
887 2649 918 2712 si
938 2667 1003 2711 non
1024 2647 1230 2731 plenissima,
1254 2655 1343 2713 certo

247 2747 387 2832 plenior,
402 2768 501 2832 quam
516 2743 665 2827 antehac,
678 2748 782 2814 Gellii
798 2754 927 2814 extaret
939 2750 1067 2814 notitia,

290 2849 332 2914 Id
348 2856 459 2916 autem
474 2851 657 2916 institeram
672 2851 794 2934 exequi
809 2871 965 2934 arrepens
977 2871 1111 2929 normae,
1127 2871 1226 2934 quam
1240 2859 1343 2916 antea

247 2951 390 3018 duxerat
405 2953 506 3018 Pater
520 2954 618 3036 quasi
632 2952 674 3018 ad
687 2953 893 3036 exemplum,
915 2959 953 3016 ut
967 2953 1016 3016 sic
1031 2953 1251 3036 perhiberetur
1265 2954 1343 3018 telae
1447 2945 1453 2955 “

249 3071 336 3137 opus
352 3072 412 3138 per
434 3074 494 3118 nos
518 3054 602 3118 duos
624 3053 741 3118 eadem
768 3053 925 3118 Minerva
941 3060 1109 3119 exactum.
1152 3055 1220 3120 Sed
1234 3057 1344 3122 arcuit

248 3156 336 3220 hanc
350 3154 545 3220 uniformem
559 3155 721 3221 actionem
742 3163 777 3218 et
791 3155 931 3220 invitum
945 3176 999 3221 me
1022 3157 1063 3221 ad
1080 3158 1178 3240 plura
1201 3158 1344 3224 circum·

248 3257 318 3340 egit
330 3257 406 3322 sola
424 3257 631 3322 librariorum
650 3257 892 3339 voluntas-qui
906 3258 1031 3341 pariter
1046 3260 1129 3344 ejus,
1146 3279 1247 3342 quam
1262 3260 1344 3337 dixi,

248 3358 368 3443 Thysii
388 3364 420 3426 et
438 3358 557 3426 Oiselii
576 3359 735 3425 editionis
755 3360 914 3426 rationem
935 3360 1053 3424 habere
1075 3366 1235 3438 urserunt,
1256 3381 1343 3438 cum,

249 3469 351 3546 prout
364 3467 533 3544 receptum
547 3469 599 3524 est
613 3461 657 3525 ah
681 3480 792 3526 eorum
815 3479 968 3544 corpore,
983 3462 1051 3545 ipsi
1073 3462 1230 3526 emissent
1243 3465 1344 3546 quasi

249 3564 433 3648 propriam,
447 3567 484 3626 ut
503 3582 610 3645 penes
627 3563 722 3646 ipsos
738 3563 797 3650 jus
818 3563 903 3627 soret
918 3563 991 3646 ejus
1007 3565 1097 3647 typis
1112 3564 1343 3646 subjiciendas.

250 3664 316 3732 coi
330 3665 501 3730 sententiae
518 3683 595 3730 cum
605 3666 793 3728 resisterem
808 3663 955 3747 perinde,
966 3683 1006 3728 ao
1019 3664 1109 3728 illam
1122 3665 1207 3728 male
1218 3665 1345 3730 factam

249 3770 403 3852 maleque
415 3766 533 3832 utilem
548 3766 727 3831 editionem
752 3772 787 3832 et
800 3767 970 3830 celerrima
985 3765 1207 3848 imprudentia
1221 3767 1346 3832 collec-

249 3877 357 3937 tamm
370 3876 524 3938 notarum
549 3887 707 3934 acervum
728 3886 925 3952 spernerem,
947 3885 1013 3930 non
1036 3866 1128 3950 quivi
1143 3872 1250 3932 tamen
1266 3887 1346 3932 con-

251 3972 328 4036 silio
343 3973 485 4050 vincere,
499 3977 535 4036 et
554 3971 750 4035 acerrimam
775 3968 992 4052 pertinaciam
1017 3985 1219 4051 expugnare,
1244 3987 1346 4050 quam

251 4074 430 4142 tuebantur
444 4074 646 4157 argumentis
668 4091 735 4136 non
759 4090 803 4134 ex
822 4069 1005 4134 studiorum
1026 4069 1202 4134 commodo
1217 4069 1346 4151 petitis,

252 4174 312 4244 sed
324 4175 460 4256 talibus,
482 4193 559 4260 quae
575 4173 717 4258 quilibet
740 4169 830 4236 haud
851 4169 944 4236 rudis
966 4169 1154 4254 assequitur
1174 4169 1347 4238 facillime.
