3076 4866
628 407 834 459 caesario.
1255 393 1277 459 9
1375 483 1376 486 ¹

178 555 290 622 babeo
312 555 399 620 bano
414 553 600 620 chartulam
616 556 661 620 ab
678 553 783 620 Patre
799 555 1048 639 conscriptam:
1070 558 1081 596 l
1090 553 1141 618 Eo
1163 571 1276 618 exem·

178 658 265 741 plari
288 677 372 723 usus
395 657 578 741 aliquando
604 656 667 722 suit
691 657 796 722 Henr.
820 657 1023 740 Stephanus,
1047 663 1080 720 et
1099 655 1133 720 id
1149 657 1276 740 passim

178 760 501 825 consoribillaverat.
546 760 616 825 Sub
633 759 731 823 finem
748 758 917 842 adjectum
932 764 1003 822 arat
1017 760 1144 823 minuta
1159 759 1276 824 litera:

177 859 316 925 Contuli
337 859 360 924 J
364 909 373 925 .
398 860 638 924 Bourdelotius
661 857 832 942 Agellium
852 879 927 925 cum
944 861 1077 924 duobus
1091 861 1168 926 cod.
1184 861 1276 927 Bibl.

177 961 265 1044 Reg.
281 969 317 1028 et
339 981 413 1029 cum
438 961 508 1026 Me.
532 961 699 1026 Frederici
723 960 866 1038 Metelli,
892 962 925 1026 in
949 982 1017 1046 quo
1031 981 1098 1026 non
1114 965 1277 1028 extabant

176 1063 327 1130 (iresca.³
370 1063 499 1130 Eadem
514 1083 615 1128 manu
638 1065 765 1148 passim
782 1073 861 1128 sunt
875 1065 1034 1149 ascripta,
1051 1059 1128 1147 quoe
1144 1066 1178 1129 in
1193 1065 1276 1129 Car-

175 1167 281 1232 rionis
297 1165 501 1250 Stephanica
515 1167 672 1232 differunt
688 1185 709 1231 a
724 1169 963 1250 superioribus.
1006 1165 1153 1231 Videtur
1165 1167 1198 1232 id
1215 1187 1276 1230 ex-

177 1269 308 1353 emplar
320 1270 513 1352 possedisse
529 1277 564 1336 et
583 1269 784 1348 Scriverius,
805 1271 883 1353 quia
905 1271 940 1334 in
963 1287 1004 1334 eo
1019 1269 1156 1353 jacebat
1175 1287 1276 1334 manu

177 1371 254 1454 ejus
282 1370 446 1436 schedula
470 1374 642 1436 continens
664 1371 820 1436 Telorum
847 1379 882 1436 et
899 1371 1090 1455 jaculorum
1112 1373 1277 1436 vocabula

177 1471 269 1556 apud
282 1471 432 1538 Gellium
445 1473 468 1536 l.
486 1489 525 1538 x.
540 1495 571 1538 c.
591 1474 645 1538 25.
678 1473 813 1538 Habuit
824 1480 858 1538 et
869 1473 1017 1558 Thysius
1032 1475 1131 1556 pbl.
1144 1479 1176 1538 et
1194 1473 1276 1538 tur?

181 1605 184 1608 ·
221 1573 320 1639 Adeo
335 1575 442 1639 multa
457 1575 662 1640 adminicula
687 1595 762 1639 cum
787 1582 986 1657 augerentur
1010 1573 1141 1638 duobus
1161 1595 1277 1640 exem·

176 1675 331 1760 pluribus
346 1695 392 1740 ex
408 1675 456 1741 Is.
472 1675 592 1742 Vossii
606 1677 721 1761 copia,
733 1677 769 1742 in
789 1695 930 1762 quornm
953 1695 1157 1762 unoquoque
1173 1677 1276 1741 habe·

177 1778 281 1844 batur
294 1780 464 1861 posterior
478 1778 581 1844 Gellii
596 1797 675 1862 pars
689 1785 771 1862 post
786 1779 910 1844 librum
931 1783 1098 1856 octavum,
1116 1779 1192 1862 ejus
1216 1798 1276 1842 no·

178 1889 223 1944 tae
248 1900 292 1945 ao
314 1881 428 1960 sortis,
450 1888 486 1946 ut
510 1901 623 1946 eorum
652 1883 791 1946 alterum
818 1883 1000 1946 contineret
1021 1883 1124 1946 etiam
1153 1879 1276 1944 Graeca

177 1982 350 2067 pleraque,
376 2001 475 2066 quam
498 1983 651 2067 proxime
675 1983 847 2064 accederet
865 1983 909 2048 ad
930 2001 1129 2048 consensum
1145 1981 1275 2046 codicis

179 2083 292 2166 Regii,
306 2091 406 2169 atque
420 2085 495 2149 hinc
510 2086 674 2168 praeberet
688 2086 814 2150 indicia
826 2087 963 2168 optimae
979 2105 1086 2162 venes,
1100 2091 1177 2148 tune
1189 2089 1276 2147 certe

178 2187 360 2254 videbatur
372 2187 534 2252 subsidiis
545 2187 696 2270 quaebuc
709 2189 928 2272 requiruntur,
944 2188 1000 2252 rel
1015 2186 1276 2256 fortunatissime

178 2288 325 2355 affluere.
369 2287 488 2372 Neque
504 2291 552 2355 ita
568 2298 678 2356 tamen
702 2291 745 2356 ad
768 2289 1013 2356 contexendam
1029 2287 1193 2371 expolite
1208 2305 1275 2350 me-

178 2391 354 2458 ditationis
367 2391 487 2458 seriem
503 2391 658 2475 progredi
667 2411 786 2457 severe
801 2392 916 2470 voluit,
928 2397 1025 2475 prout
1033 2390 1162 2456 sciebat
1171 2389 1277 2455 multa

178 2493 355 2560 infeliciter
367 2493 423 2560 bie
438 2494 510 2560 illic
526 2495 639 2572 latere,
654 2495 721 2560 nisi
736 2496 915 2560 etiamnum
930 2493 1058 2577 aliquid
1071 2493 1276 2578 aperuisset;

178 2595 235 2659 cui
257 2597 306 2660 rei
327 2613 382 2659 me
407 2595 600 2674 destinavit,
625 2597 675 2660 sio
697 2615 743 2664 ex
765 2593 891 2678 Anglia
915 2597 1015 2660 etiam
1038 2603 1072 2660 et
1088 2615 1216 2660 rursum
1232 2615 1277 2662 ex

178 2696 295 2765 Gallia
318 2697 496 2782 impetrato
522 2697 632 2765 adbuc
651 2698 837 2782 aliquorum
861 2698 979 2764 mediae
995 2697 1107 2764 aetatis
1122 2697 1276 2766 codicum

178 2807 377 2884 conspectu.
421 2800 514 2866 Hinc
530 2800 627 2883 igitur
641 2821 708 2866 non
728 2801 866 2868 collatio
890 2806 1016 2868 tentum
1038 2800 1193 2866 instituta
1217 2817 1277 2864 ex-

179 2902 351 2986 emplaris,
372 2903 464 2987 quod
489 2923 551 2986 pro
575 2904 782 2987 benignitate
807 2923 871 2968 sua
893 2903 1107 2983 indulgebant
1130 2899 1277 2984 collegio

178 3004 407 3070 Lineolniensi
422 3005 514 3088 apud
536 3005 707 3072 Oxoninm
728 3004 898 3081 Preteoti,
921 3023 996 3073 cum
1020 3004 1055 3069 id
1078 3004 1277 3088 praeterrem,

179 3107 244 3172 etsi
258 3106 367 3172 terent
382 3107 417 3170 in
430 3107 507 3172 aliis
522 3107 681 3191 Collegiia
695 3109 773 3174 alla.
818 3107 922 3185 Hinc,
937 3107 1026 3192 quod
1043 3105 1193 3191 oportuit
1204 3105 1276 3170 lieri

179 3212 265 3276 ante*
273 3210 398 3288 omnia,
411 3211 561 3294 primarii
573 3211 664 3277 illius
676 3213 846 3296 utriusque
859 3211 957 3294 Regii
967 3209 1109 3275 Parisiis
1118 3216 1277 3274 renovata

180 3311 333 3389 collatio,
349 3311 438 3376 unde
452 3313 556 3378 allata
575 3321 635 3378 aut
654 3315 762 3398 ipsius
786 3314 927 3382 clariore
942 3313 1074 3390 notitia,
1095 3319 1156 3376 aut
1170 3313 1277 3376 vane„

179 3417 287 3480 tatum
303 3413 512 3478 accuratiore
526 3421 561 3480 et
574 3417 681 3497 magis
700 3415 862 3497 vestigata
885 3415 1104 3498 spectatione,
1120 3415 1169 3478 sic
1185 3414 1278 3479 deni-

180 3533 249 3600 que
259 3515 428 3600 judicavit
442 3533 480 3580 se
495 3533 570 3580 esse
584 3535 689 3600 posse
704 3523 831 3582 certum
847 3523 883 3582 et
896 3516 937 3581 de
951 3517 1172 3581 vetustissimi
1187 3521 1220 3580 et
1235 3517 1276 3581 de

180 3617 346 3684 citerioris
369 3616 529 3699 temporis
552 3615 774 3701 discrepantia
790 3618 826 3684 in
849 3617 1045 3682 exhibendis
1065 3615 1165 3682 Gellii
1179 3616 1276 3695 locis,

180 3737 261 3804 quaa
273 3737 334 3783 nec
348 3718 415 3802 ipsi
431 3719 553 3786 scribae
575 3719 821 3798 intellexerant,
843 3725 887 3786 et'
900 3721 1045 3786 editores
1065 3737 1126 3803 pro
1141 3719 1277 3783 arbitrio

180 3841 246 3893 auo
257 3819 493 3900 diversimode,
507 3827 541 3886 et
557 3827 658 3905 prout
677 3829 801 3906 captus
823 3823 945 3906 cuique
960 3821 1035 3898 tuit,
1057 3820 1278 3886 concinnave-

180 3928 265 3990 rana
309 3920 389 3988 Hos
411 3923 538 4006 quippe
553 3921 679 4007 Regios
703 3925 851 4002 codices,
866 3930 900 3990 et
914 3923 1085 4007 praecipue
1098 3921 1204 3998 illurn,
1220 3921 1278 4004 qui

181 4023 353 4091 exhiberet
367 4025 494 4107 primos
519 4029 649 4108 septem
672 4025 777 4092 libros
798 4026 900 4092 ethis
920 4025 1137 4108 praepositam
1153 4021 1279 4088 Praese·

182 4127 320 4205 tionem,
347 4126 403 4190 oni
432 4126 525 4190 aolus
551 4127 659 4194 taoem
689 4129 877 4213 praebuerat
903 4125 1083 4204 salmasio,
1108 4127 1143 4190 in
1169 4127 1280 4191 oculis

182 4227 297 4308 tuisse,
312 4231 349 4294 ut
362 4245 408 4292 ex
421 4227 494 4295 eolo
507 4231 693 4298 rectissima
712 4231 858 4313 amussis
879 4229 1067 4306 baberetur,
1096 4227 1197 4294 docet
1212 4233 1280 4292 tarn
