3076 4866
243 365 290 448 tt
546 393 804 446 oumsrruuus
828 396 1050 446 rnnsrnaus

245 541 323 608 Ter.
353 539 518 616 venene]
547 559 614 605 nun
642 559 755 608 ereum
773 539 938 623 judicium
963 541 1045 606 est·:'
1077 549 1110 605 et
1133 541 1158 606 l.
1176 558 1215 606 x.
1239 544 1339 610 aas.

247 643 414 716 ‘Vertere
428 662 469 713 ea
490 643 606 724 [ceree
627 642 797 722 Platonis]
818 644 997 708 consilium
1019 654 1084 707 non
1107 643 1182 722 tuit,
1205 664 1282 710 eum
1296 645 1341 709 ed

246 745 464 828 proprietates
473 763 586 806 eorum
596 763 801 826 nequaquam
814 744 923 825 possit
933 743 1055 808 Latina
1063 747 1168 808 oratio
1175 748 1340 828 adcurare,

220 867 290 912 «ac
308 846 415 910 multo
428 845 539 908 minus
563 845 666 914 etiam,
677 841 773 912 mee!
789 843 874 908 ltem
891 845 912 908 l.
931 861 985 908 ιιι.
1001 864 1032 908 c.
1047 847 1098 908 lu.
1143 852 1151 878 ‘
1170 847 1258 912 llaec
1275 867 1340 931 ego

248 946 418 1023 admonui,
432 965 500 1010 non
516 953 552 1010 ut
565 944 603 1010 C.
619 945 776 1010 Graccho
793 945 876 1014 vitio
892 945 1014 1024 darem,
1027 949 1105 1031 (Dii
1122 949 1209 1012 enim
1224 951 1343 1015 melio·

247 1069 317 1114 rem
332 1054 471 1114 mentem
486 1048 585 1112 mihi:
607 1068 683 1112 nam
696 1048 732 1112 si.
741 1049 923 1131 quicquam
933 1049 970 1134 in
979 1056 1047 1114 tam
1061 1050 1157 1115 sortis
1172 1052 1343 1118 facundiae

247 1154 321 1218 uiro
333 1152 405 1225 uitii
420 1151 473 1215 vel
487 1153 606 1216 erroris
620 1170 698 1216 esse
713 1151 782 1218 dici
803 1158 931 1234 potest,
945 1151 980 1216 id
995 1171 1094 1218 omne
1108 1159 1144 1218 et
1159 1157 1343 1221 auctoritas

249 1247 322 1339 ejus
332 1254 496 1330 exhausit
510 1261 544 1317 et
556 1260 707 1320 vetustas
718 1250 920 1336 consumsit)
929 1253 947 1319 ε’
963 1262 1032 1320 tum
1044 1271 1230 1333 maurane,
1240 1276 1345 1339 quarn

249 1357 284 1420 in
297 1355 409 1420 Gellio
424 1361 538 1421 nostro
560 1355 678 1422 laudet
701 1356 914 1439 aequissimus
934 1358 1079 1440 quisque
1103 1355 1230 1440 hujus
1221 1359 1343 1438 ingenii

255 1458 458 1542 estimatur.
485 1473 518 1520 v,
542 1457 707 1522 Borrichii
722 1458 827 1525 nnstn‘
852 1457 1035 1540 Conspect.
1062 1459 1184 1542 Script.
1217 1459 1349 1524 nnat

251 1558 376 1643 §87..p
390 1558 443 1627 82.
467 1557 614 1626 Momof.
630 1559 673 1624 de
688 1559 913 1624 Patavinitete
929 1561 1018 1624 Livii
1036 1581 1112 1644 cap.
1124 1575 1197 1624 ιιι.
1219 1581 1254 1644 p.
1269 1562 1345 1626 153.

250 1664 312 1728 &c
355 1660 455 1726 Certe
479 1661 583 1744 plagii
608 1681 684 1726 eum
706 1680 803 1726 nemo
818 1663 1072 1742 insimularent,
1087 1664 1180 1748 quod
1196 1663 1346 1728 certissi-

250 1783 341 1831 mum
355 1771 408 1830 est
422 1763 593 1846 equitetis
617 1764 796 1844 indicium3
822 1783 920 1830 neme
939 1766 1181 1830 malevolentiae
1195 1772 1231 1830 et
1243 1785 1345 1830 nouae

252 1865 511 1941 obtrectationis,
532 1865 591 1948 qui
615 1866 749 1931 morbus
774 1885 840 1930 non
864 1884 942 1930 raro
955 1866 1100 1932 Criticos
1121 1873 1234 1931 tenere
1248 1867 1346 1932 solet.

252 1967 321 2032 Sed
337 1966 469 2036 offendo
483 1966 570 2032 forte
592 1967 727 2033 Senecae
748 1965 809 2053 (de
822 1987 888 2052 quo
910 1969 1014 2050 paulo
1031 1969 1185 2034 acerbius
1191 1969 1346 2052 judicare

252 2070 633 2140 Nostervtdetm·1.xn.
649 2089 678 2134 c.
688 2065 739 2153 2.)
753 2068 917 2153 lipsium,
934 2068 1145 2148 Gaussinum,
1162 2069 1347 2135 Nicolaum

254 2171 446 2249 Antonium,
461 2173 652 2256 complures
660 2172 759 2248 alios,
772 2169 876 2255 (qnos
887 2171 1121 2237 celeberrimus
1138 2179 1255 2235 noster
1266 2172 1346 2236 Seu.

253 2273 452 2357 tieteupius
466 2281 628 2340 memorat
653 2275 687 2340 iu
710 2274 845 2338 erudita
861 2275 1061 2339 Praefatione
1082 2273 1128 2340 nd
1140 2273 1198 2338 Jo.
1212 2272 1246 2338 J.
1262 2275 1347 2339 Sun-

253 2377 357 2456 ningii
384 2376 602 2456 Theologiam
627 2376 765 2440 Senecae
796 2373 995 2440 Naturalem
1024 2372 1349 2457 contemplativam)

255 2477 448 2558 gravissime
464 2495 545 2540 vero
559 2475 705 2540 omnium
720 2474 881 2540 carolum
907 2475 1138 2552 Paschalium,
1152 2476 1209 2559 qui
1223 2495 1257 2559 p.
1272 2475 1347 2540 160.

255 2583 265 2611 ‘
280 2579 323 2642 de
338 2577 477 2660 Optimo
493 2576 625 2642 Genera
641 2576 873 2640 Elocutionis'
896 2579 950 2642 his
965 2580 1121 2644 convitiis
1137 2577 1283 2644 Gellium
1297 2581 1348 2643 ni-

254 2680 356 2745 mium
371 2699 469 2764 quam
484 2680 698 2744 inclementer
712 2678 918 2759 proscindit:
945 2685 955 2714 ‘
971 2679 1077 2746 Nullo
1092 2680 1201 2746 adhuc
1215 2681 1348 2744 nondne
1433 2763 1436 2767 ι

256 2784 364 2861 estis,
374 2783 430 2865 qui
440 2782 484 2846 ad
493 2782 527 2846 id
536 2781 710 2846 felicitatis
721 2781 840 2856 erasit,
850 2787 888 2846 ut
898 2781 1044 2848 evaserit
1058 2801 1191 2848 morsus
1204 2781 1349 2864 alicujus

256 2885 420 2948 edentatae
433 2883 571 2962 belluae,
583 2883 738 2967 quamvis
755 2882 883 2950 irritos:
908 2892 1115 2968 quapropter
1129 2883 1211 2950 nihil
1220 2885 1348 2962 mirum,

257 2987 285 3049 si
300 3006 340 3049 ne
361 2985 490 3049 Seneca
514 2985 650 3068 quidem
674 2983 899 3048 sauciantium
922 2986 1104 3067 linguarum
1119 3005 1272 3050 susurros
1287 2985 1349 3048 im·

257 3088 382 3169 probos
398 3087 503 3151 vitare
515 3088 635 3169 potuit.
678 3084 787 3149 Adest
801 3085 890 3149 enim
905 3087 977 3164 iste,
994 3107 1201 3170 quocumque
1214 3087 1349 3151 nomine

258 3193 319 3264 est,
334 3188 405 3252 sive
425 3185 523 3250 Aulus
541 3183 664 3250 Gellius
686 3189 760 3252 sive
776 3185 929 3274 Agelline,
945 3207 1087 3272 magnus
1110 3191 1146 3252 in
1166 3190 1274 3253 literis
1292 3207 1349 3252 ve-

258 3295 393 3366 terator,
422 3293 457 3352 et
484 3308 580 3361 msa,
608 3289 732 3371 nequid
764 3288 887 3354 dicam·
903 3289 989 3354 intra
1016 3309 1096 3367 retu,
1139 3289 1350 3354 Rhinocero-

258 3391 347 3466 nico‚
362 3390 421 3454 sed
436 3391 568 3455 hercule
582 3410 795 3474 nequaquam
820 3391 873 3456 hic
897 3399 968 3456 tam
988 3393 1130 3468 adunco,
1152 3411 1251 3476 quam
1273 3410 1349 3475 pra·
1383 3427 1386 3434 ·

259 3511 303 3555 ro
325 3499 359 3556 et
379 3492 491 3557 obeso.
535 3492 699 3576 Equidem
733 3493 808 3576 ejus
837 3495 944 3576 capiti
978 3502 1202 3578 quantumque
1230 3492 1349 3560 Muss-

260 3613 343 3672 rum,
371 3601 597 3678 quantumque
615 3604 668 3661 cst
692 3595 895 3674 Gratiarum,
922 3597 1085 3660 intensum
1115 3597 1221 3662 luisse
1246 3595 1350 3660 eredi-

262 3693 379 3770 derim,
402 3713 477 3758 cum
502 3701 570 3758 tem
588 3697 796 3762 immundum
811 3701 845 3762 et
857 3697 1112 3780 ignominiosum
1128 3697 1253 3774 metum
1276 3717 1349 3762 ere·

221 3840 224 3847 .
261 3795 334 3878 puit
351 3796 384 3858 in
404 3799 535 3860 tantum
550 3799 665 3862 vinem
712 3798 876 3864 Atetiam
892 3800 1038 3884 paucula
1065 3799 1219 3883 quaedam
1234 3799 1350 3863 abillo

260 3897 382 3960 fatetur
395 3898 477 3961 bene
494 3897 594 3963 dicta.
639 3899 693 3963 Ex
714 3901 770 3963 his
792 3919 890 3965 unum
912 3901 992 3965 illud
1014 3902 1140 3984 proten
1161 3900 1351 3982 conjectum

261 3999 295 4061 in
319 3997 453 4072 avidum
480 4006 513 4064 et
535 4003 687 4083 pecunie
712 4003 892 4068 sitientem:
928 4002 1048 4082 ‘Quid
1069 4005 1169 4068 refert
1190 4009 1351 4086 qnantum

260 4103 412 4166 habensl
436 4103 549 4166 Multo
563 4105 641 4168 illud
658 4105 735 4186 plus
749 4112 802 4168 est
821 4105 910 4187 quod
932 4125 1000 4169 non
1024 4105 1149 4170 habes?
1192 4103 1248 4168 Os
1256 4105 1353 4186 pagi-

262 4203 361 4268 lis.-
371 4201 442 4268 &cl
485 4203 582 4268 Bona
612 4207 723 4284 rerba,
750 4225 886 4289 quaeso:
925 4226 1000 4270 amo
1031 4216 1065 4271 et
1090 4227 1150 4292 ego
1174 4207 1350 4284 Senecam,
