3076 4866
440 379 489 428 uu
513 379 601 430 vrrs
627 380 673 429 uu
699 381 819 432 annus
841 383 876 430 r.
899 385 1042 434 curun.
1242 375 1285 442 37

235 523 324 606 §xa
347 521 518 607 Superest,
532 531 571 590 ut
586 523 831 590 Auctoritatem
851 526 952 592 Gellii
968 532 1032 593 mei
1047 529 1207 596 adversus
1224 536 1285 598 ob-

189 628 388 688 trectatores
413 627 497 688 tueri
527 634 563 690 et
591 627 760 690 vindicare
785 647 838 692 me
863 637 1025 710 oporteat.
1071 632 1161 710 Quid
1183 637 1284 700 verol

188 725 283 807 pium
308 724 373 789 hoc
398 730 567 809 negotium
586 731 655 814 jem
679 729 744 793 Vir
771 730 821 793 cl.
846 731 1015 796 Henricus
1039 735 1226 816 Stephanus
1248 737 1284 801 iu

188 824 269 902 Auli
284 826 385 891 Gellii
401 827 574 912 Apologia
597 830 760 894 adversus
784 829 869 896 Lud.
893 831 1014 896 Vivam
1036 837 1099 898 rite
1114 836 1193 900 olim
1209 857 1283 902 sus-

187 929 290 1011 cepit,
303 947 420 1012 eaque,
435 950 502 1014 qua
515 951 577 1015 par
590 940 653 1011 est,
676 933 741 996 fide
766 942 802 996 et
821 933 989 1017 diligentia
1004 937 1163 1018 praeclare
1176 941 1283 1022 perie-

187 1030 244 1093 cit.
297 1030 461 1110 Ceterum,
489 1053 567 1098 cum
596 1041 674 1118 post
702 1040 834 1100 sentem
865 1035 1028 1102 Ludovioi
1056 1037 1164 1104 Vives
1194 1041 1280 1106 alins

186 1136 291 1214 atque
317 1133 405 1198 alius
429 1133 548 1219 (parco
579 1135 786 1220 nominibus)
817 1137 1011 1204 Ludovicus
1040 1140 1281 1208 Gelliomastix

185 1233 361 1310 exstiterit,
387 1236 446 1318 qui
461 1238 692 1302 auctoritatem
707 1237 808 1302 Gellii
831 1240 954 1304 nullius
969 1243 1135 1324 ponderis,
1152 1245 1280 1312 N'ootes

184 1333 321 1400 Atticas
343 1337 439 1420 parvi
461 1341 561 1424 pretii
586 1361 662 1406 esse
685 1341 906 1424 deputaverit,
931 1343 1013 1407 adeo
1027 1351 1065 1408 ut
1079 1346 1184 1410 altero
1200 1365 1281 1431 quo·

185 1437 265 1503 dam
277 1437 455 1523 ¹Stephano
469 1442 605 1507 vindice
619 1463 707 1528 opus
729 1463 803 1510 esse
817 1443 980 1524 videatur,
995 1465 1093 1529 quem
1107 1467 1169 1529 ego
1193 1470 1281 1532 prer-

186 1547 278 1605 stare
302 1561 453 1626 nequeo:
485 1547 619 1628 gravius
643 1547 678 1610 in
704 1547 765 1610 hos
791 1547 966 1630 imperitos
991 1546 1092 1613 Gellii
1122 1569 1278 1617 censores

183 1644 405 1712 animadverti
418 1665 485 1711 non
497 1643 597 1732 po'sse
610 1655 707 1731 puto,
722 1666 822 1731 quam
838 1650 867 1712 si
882 1650 1078 1731 gravissima
1093 1657 1127 1714 et
1140 1653 1278 1722 literatas

184 1749 369 1812 senectutis
392 1749 492 1832 plena
514 1749 788 1832 peritissimorum
812 1749 845 1812 in
868 1748 951 1815 Arte
972 1750 1100 1816 critica
1123 1752 1278 1819 Virorum

183 1847 374 1914 testimonia
388 1850 431 1914 de
444 1853 636 1934 prestantia
650 1850 754 1916 Gellii
773 1859 994 1935 opponantur.
1038 1853 1206 1919 Praetereo
1221 1875 1278 1920 au·

184 1957 254 2014 tem
269 1969 344 2026 eos,
359 1971 445 2036 quos
461 1951 505 2019 V.
522 1951 560 2016 C.
582 1953 731 2018 Thomas
756 1953 853 2036 Pope
870 1955 994 2018 Blount
1008 1956 1043 2018 in
1058 1955 1209 2022 Censura
1223 1977 1277 2023 ce·

181 2050 363 2116 lebrlorum
376 2053 564 2118 Auctorum
579 2074 612 2137 p.
628 2055 701 2118 146.
714 2073 787 2137 sqq.
799 2054 871 2137 jam
885 2056 917 2117 in
926 2056 1011 2120 hanc
1025 2075 1093 2121 rem
1109 2058 1277 2140 allegavit.

182 2150 376 2219 Audiautur
390 2155 501 2220 Pure.
517 2156 647 2220 aanor
658 2172 753 2220 uuus
778 2158 811 2220 in
832 2155 994 2221 Anuotat.
1014 2158 1058 2222 ed
1074 2159 1227 2224 Servium
1243 2181 1276 2243 p.

183 2274 230 2320 m.
242 2255 318 2322 263.
363 2257 660 2342 ‘locupletissimi
685 2258 887 2341 Scriptores,
913 2259 997 2324 inter
1011 2277 1097 2342 quos
1111 2259 1199 2324 haud
1216 2261 1276 2328 du-

181 2357 435 2424 bienumeratnr
446 2359 578 2425 Gellius
588 2361 607 2426 ι’
629 2359 713 2424 Jrc.
726 2359 826 2424 Dua.
842 2359 1123 2426 Cassunruslib.
1138 2377 1178 2428 u.
1194 2362 1275 2428 Var.

183 2481 260 2544 cap.
273 2464 306 2526 4.
321 2482 355 2544 p.
370 2463 446 2527 231.
490 2467 501 2496 ‘
517 2461 562 2527 A.
579 2463 710 2528 Gellius
735 2463 886 2545 Scriptor
910 2463 1030 2526 nitoris
1051 2483 1092 2528 ac
1108 2464 1274 2530 facundiae

180 2563 271 2628 haud
297 2564 457 2646 vulgaris,
483 2565 785 2648 elegantiarumque
807 2571 957 2628 veterum
981 2572 1016 2628 et
1045 2566 1275 2631 memoriarum

179 2665 394 2750 plenissimus
404 2665 423 2730 τ’
438 2667 498 2731 Jo.
512 2667 558 2730 H.
572 2669 785 2732 accursus
798 2666 1013 2748 descriptor.
1027 2666 1115 2730 Saec.
1127 2667 1167 2730 P.
1179 2665 1217 2730 C.
1234 2683 1274 2730 rr.

179 2765 216 2852 p.
231 2769 286 2834 6⁶2·
331 2768 540 2851 ‘Singularis
561 2769 734 2834 thesaurus
755 2767 904 2852 autiquae
927 2768 1127 2850 eloquentiae
1153 2775 1186 2833 et
1201 2769 1275 2853 phi·

178 2870 360 2954 losophiae,
387 2871 446 2934 sed
465 2873 585 2954 paucis
609 2877 820 2954 perspectus,
834 2871 918 2934 latet
931 2871 964 2933 in
979 2867 1071 2934 Aulo
1086 2871 1212 2948 Gellio,
1234 2890 1274 2934 no

180 2991 280 3055 quem
294 2971 497 3056 praejudicio
523 2972 672 3056 decipiat
687 2971 796 3055 Lipsii
815 2971 958 3053 iniquior
972 2968 1120 3035 Censura
1133 2971 1169 3035 in
1183 2971 1275 3036 Prae·

179 3073 274 3156 loqu.
302 3074 457 3138 Senecae:
480 3075 563 3142 item
587 3076 621 3138 in
642 3073 896 3157 Bibliographia
918 3071 1044 3137 critica
1072 3091 1146 3156 cap.
1171 3072 1224 3138 28.
1239 3093 1273 3156 p.

179 3175 256 3238 458.
302 3171 410 3237 ‘Auli
439 3172 541 3239 Gellii
571 3175 656 3238 liber
677 3181 730 3237 cst
754 3193 888 3251 aureus,
902 3205 946 3222 -
960 3193 1067 3256 neque
1096 3174 1273 3258 quisquam

178 3277 362 3360 negaverit,
379 3295 514 3340 aureum
530 3295 606 3340 esse
626 3276 799 3359 scriptum,
822 3275 919 3358 cujus
939 3275 1139 3338 auctoritate
1153 3293 1274 3359 perpe-

178 3383 240 3443 tuo
254 3379 407 3444 nituntur
424 3383 666 3442 restauratores
689 3377 911 3461 antiquitatis,
935 3375 1128 3458 Ouuphrius
1149 3374 1273 3442 Panni-

177 3482 268 3558 nius,
296 3480 466 3563 Sigonius,
490 3479 552 3544 &c
597 3477 713 3560 Stylus
740 3477 814 3560 ejus
839 3483 891 3540 est
912 3479 1073 3560 optimus,
1098 3495 1205 3559 nequa
1229 3479 1273 3546 ob

178 3584 390 3667 antiquorum
406 3599 505 3646 usum
519 3579 757 3644 vocabulorum
769 3579 894 3644 desinit
905 3597 981 3643 esse
996 3577 1228 3642 Latinissimus
1238 3577 1273 3644 :’'

178 3683 312 3750 Manu.
326 3684 566 3750 Scuoooxrus
581 3682 617 3746 in
641 3681 752 3765 Epist.
776 3681 817 3745 de
831 3681 937 3764 Figm.
961 3680 1043 3762 leg.
1063 3678 1150 3762 Reg.
1169 3700 1203 3763 p.
1217 3679 1271 3744 64.

176 3791 189 3822 ‘
205 3785 339 3852 Gellius
352 3785 436 3849 nulli
452 3783 621 3848 secundus
644 3781 904 3862 Grammaticus,
924 3783 1035 3848 sinon
1052 3783 1137 3846 tribu
1153 3781 1271 3846 Gram-

177 3889 306 3952 matica
319 3887 418 3967 longe
432 3885 630 3949 eminentior
642 3881 662 3950 :’
684 3883 738 3950 lo.
749 3885 941 3949 Burursrr
955 3881 1097 3948 Prusia
1111 3881 1270 3950 Annotat.

177 3989 218 4054 1.
235 3988 367 4052 Latinae
390 3984 587 4069 Graecaeque
603 4003 677 4068 cap.
691 3986 723 4051 l.
739 4005 775 4069 p.
789 3986 863 4050 387.
908 3983 1065 4048 ‘Gellius
1079 4001 1146 4047 non
1160 3983 1271 4050 miuus

178 4091 327 4156 eruditus
340 4107 439 4172 quam
455 4087 580 4152 nitidus
594 4094 626 4152 et
640 4095 817 4152 emunctus
836 4086 987 4169 Scriptor
997 4084 1015 4148 :'
1036 4085 1114 4147 item
1128 4102 1205 4167 cap.
1218 4086 1273 4150 11.

177 4215 212 4280 p.
225 4195 300 4260 405.
323 4191 549 4276 ‘Togatomm
563 4190 804 4256 eruditissimus
819 4187 863 4255 A.
879 4187 1008 4254 Gellius
1019 4186 1038 4252 :'
1061 4185 1112 4254 Is.
1126 4185 1270 4252 Caseu-
