3076 4866
232 395 276 462 80
657 405 751 456 suar
780 404 909 454 ceaurr

235 561 294 621 ant
309 551 499 621 adhibenda
513 551 606 616 fraus
621 549 689 634 legi
704 543 776 616 fuit.
825 547 939 614 Multa
965 567 1041 615 cum
1067 548 1178 614 animo
1201 567 1274 614 meo
1290 549 1334 614 ad

235 677 348 722 casum
364 661 432 720 tam
447 655 630 736 ancipitem
645 652 840 716 medendum
856 650 1073 715 consultanti³
1098 651 1206 713 visum
1224 659 1278 714 est
1298 651 1334 716 id

234 759 328 846 quod
340 757 417 834 feci,
433 775 505 839 prae
517 755 582 820 hoc
594 754 685 839 quod
698 761 790 820 erant
803 753 882 830 alia,
897 752 1038 818 toleratu
1052 752 1212 816 facilius.t
1232 751 1336 817 Taci-

234 869 290 928 tus
300 861 344 927 ad
351 857 640 924 condemnandum
652 856 846 922 sententiam
860 855 934 919 tuli:
946 854 1012 933 his,
1025 855 1082 938 qni
1096 853 1335 936 simuljudica-

234 965 326 1040 bant,
342 969 379 1028 nt
390 962 611 1038 absolverent,
625 959 788 1044 persuasi.
833 957 890 1022 Sic
903 957 987 1020 mihi
1001 962 1035 1021 et
1044 956 1173 1040 judicis
1188 963 1220 1020 et
1233 956 1335 1022 amici

236 1064 384 1146 officium
397 1063 433 1128 in
453 1083 488 1127 re
507 1067 599 1126 tanta
617 1062 748 1126 salvum
768 1057 879 1124 luitlt
922 1059 991 1124 Sed
1015 1060 1100 1123 hanc
1116 1059 1216 1140 capio
1234 1077 1278 1122 ex
1293 1077 1334 1121 eo

234 1149 337 1232 sacto
352 1166 557 1243 molestiam,
577 1163 666 1248 quod
691 1174 807 1227 metuo
830 1182 872 1226 ne
888 1183 909 1227 a
924 1161 1064 1246 perfidia
1089 1169 1125 1224 et
1149 1161 1248 1244 culpa
1269 1178 1337 1222 non

236 1264 431 1346 abhorreat,¹
442 1268 477 1331 in
490 1267 607 1331 eadem
623 1286 659 1330 re
674 1266 861 1347 eodemque
875 1269 1037 1346 tempore,
1052 1262 1153 1344 inque
1169 1261 1337 1326 communi

235 1370 385 1452 negotio,
415 1368 506 1451 qnod
526 1367 608 1434 mihi
632 1368 796 1450 optimum
823 1365 940 1431 iaotu⁵
970 1365 1133 1440 duxerim,
1164 1364 1336 1428 diversum

236 1472 308 1556 ejus
323 1470 399 1534 aliie
415 1471 573 1534 suasisse.
617 1470 649 1533 3.
673 1469 743 1534 Hic
770 1465 908 1533 eutem⁶
929 1466 1027 1531 Chilo
1050 1466 1255 1548 praestabilis
1276 1465 1336 1529 ho-

236 1591 291 1636 mo
306 1568 520 1655 sapientie,¹‘⁷
536 1591 679 1654 quonam
701 1591 810 1658 usque
829 1569 982 1634 debuerit
1001 1574 1121 1634 contra
1135 1567 1246 1649 legem
1261 1587 1339 1632 con·

236 1679 354 1756 traque
369 1673 427 1757 jus
452 1693 514 1758 pro
541 1675 652 1739 amico
676 1673 842 1758 progredi,
868 1673 1054 1750 dubitavit3
1088 1689 1195 1752 eaque
1224 1688 1279 1732 res
1302 1669 1338 1732 in

236 1775 300 1838 tine
313 1795 447 1859 qnoque
462 1777 542 1840 vitae
557 1776 633 1859 ipso
649 1777 793 1839 animum
819 1775 894 1860 ejus
914 1773 1026 1838 anxit:
1050 1776 1085 1836 et
1104 1771 1163 1836 alii
1177 1771 1338 1854 deinceps

238 1878 335 1943 multi
351 1879 577 1962 philosophiae
599 1884 791 1955 sectatores,
816 1883 853 1940 nt
873 1878 909 1940 in
934 1875 1031 1939 libris
1045 1894 1158 1938 ¹eorum
1175 1874 1337 1956 seriptum

240 1988 304 2055 est,
319 1981 403 2045 satis
417 1979 602 2063 arrquisite8
619 1981 769 2062 satisque
785 1975 927 2042 solicite¹
947 1977 1159 2061 quaesierunt,
1174 1980 1211 2039 ut
1225 1974 1336 2039 verbis

238 2101 317 2166 qnae
330 2084 461 2166 scripta
483 2086 575 2157 sunt,
597 2082 684 2164 ipsis
706 2087 790 2158 utar,
806 2083 828 2144 εἰ
843 2081 883 2142 δεῖ
895 2080 1000 2160 βοηθεῖν
1012 2083 1058 2163 τῷ
1069 2076 1142 2162 φίλῳ
1157 2081 1236 2162 παρὰ
1250 2077 1281 2139 τὸ
1297 2075 1338 2139 δι’-

241 2206 331 2258 uerco,
344 2179 495 2268 καὶμέχρι
508 2179 605 2260 πόσου,
627 2182 675 2243 καὶ
698 2183 798 2247 aotam
842 2181 894 2246 Ea
909 2183 1013 2246 verba
1027 2179 1229 2262 significant,
1245 2199 1338 2262 quae·

240 2287 325 2350 sisse
339 2305 409 2362 eos,
423 2305 465 2348 an
479 2303 718 2366 nonnunquam
732 2289 848 2348 contra
865 2285 923 2366 jus
939 2291 1097 2346 contrave
1112 2301 1236 2344 morem
1255 2283 1339 2346 faci-

239 2387 361 2450 endum
377 2407 438 2470 pro
453 2387 561 2450 amico
575 2387 631 2463 sit,
646 2391 679 2448 et
692 2387 726 2448 in
739 2386 903 2467 qualibus,
918 2391 954 2448 et
968 2385 1002 2447 in
1019 2385 1143 2467 quibus
1159 2385 1286 2461 causis,
1303 2391 1339 2447 et

242 2495 441 2572 quemnam⁹
453 2487 604 2570 adusque
619 2487 765 2550 modum.
809 2489 841 2550 4.
863 2486 973 2570 Super
986 2485 1049 2550 hac
1064 2487 1249 2569 quaestione
1263 2505 1338 2549 cum

240 2591 285 2654 ab
301 2590 387 2667 aliis,
403 2590 501 2653 sicuti
516 2587 601 2666 dixi,
614 2589 739 2668 multiS,
766 2594 836 2653 tum
857 2590 910 2655 vol
925 2589 1177 2670 diligentissime
1194 2608 1215 2651 a
1227 2587 1338 2651 Theo·

239 2692 395 2776 phrasto⁶
417 2691 618 2776 disputatur,
637 2693 707 2756 viro
723 2693 757 2756 in
772 2692 985 2776 philosophia
1001 2689 1338 2772 Peripatetiee⁶1no·

272 2884 285 2919 s
303 2875 412 2924 Ptroimo
421 2889 511 2924 meeum
524 2876 642 2924 revolvem
657 2880 685 2924 ut
694 2889 837 2924 ocersrerem
846 2873 938 2924 oceaho
949 2880 998 2923 tum
1005 2875 1143 2938 peiruloso,
1151 2873 1235 2938 perot
1244 2873 1270 2920 id
1279 2875 1340 2937 quod

240 2939 288 3000 egi,
298 2939 380 2988 oritirrs
394 2955 443 2988 ease
459 2940 549 2988 rariore
560 2939 641 2988 tutuo
656 2955 735 2988 eorum
751 2941 889 3002 quafuccre
896 2945 1008 3002 poteram.
1074 2936 1085 2970 ¹¹
1102 2939 1143 2987 ltu
1153 2939 1257 2987 consului
1266 2939 1339 3002 officio

235 3003 326 3063 jordtris
337 3009 360 3053 et
369 3004 447 3052 amici.
512 3002 519 3036 ¹
536 3005 574 3053 Nc
583 3004 616 3052 eit
626 3003 816 3066 uliqmdsmudie
827 3009 851 3052 et
857 3005 955 3066 peccati.
1020 3001 1032 3036 l
1045 3003 1089 3053 Vir
1098 3003 1200 3064 insignis
1210 3003 1338 3066 apemto.

243 3066 250 3101 ¹
265 3067 554 3131 Ditigouereumtooe.
651 3076 670 3102 ¹¹¹
685 3068 823 3132 Asopwtet
836 3068 1340 3130 uboodreotrticoeoutrujue,etudquem

240 3145 312 3195 usque
321 3134 422 3195 nodus,
433 3137 456 3181 et
464 3133 529 3195 quoti
538 3133 563 3180 io
577 3147 610 3181 rc.

703 3252 775 3272 ΗΙΟΙ
778 3251 880 3272 nemu

240 3335 373 3402 loquendi,
384 3335 580 3400 suspicatusque
592 3334 721 3386 excidisse
732 3351 821 3386 vocem
832 3337 956 3386 sententio.
984 3335 1035 3386 Alii
1047 3335 1176 3386 advocent
1186 3341 1216 3384 nt
1228 3335 1340 3400 priscam

241 3402 406 3465 scripturam,
421 3400 494 3463 capili
510 3402 657 3464 perueortor:
674 3399 743 3466 quod
763 3402 784 3449 si
803 3407 853 3460 est,
872 3401 932 3465 quid
952 3402 1066 3464 propius,
1079 3401 1247 3463 prominere,
1263 3415 1339 3464 quam

240 3467 327 3529 cupitis
343 3467 472 3529 perdendus
490 3465 612 3515 Plautino
629 3480 746 3514 sermone
754 3465 772 3516 l'
788 3467 816 3514 J.
834 3465 863 3516 F.
885 3466 1038 3515 &ouon—8
1057 3465 1140 3528 litias,
1154 3465 1340 3515 consultant-«t

241 3531 430 3588 ‘Fortesoireet
440 3531 517 3594 'ltrys
533 3530 584 3580 Sed
597 3537 724 3594 nugatur:
737 3545 794 3579 narn
805 3531 933 3580 Canterns
945 3529 1026 3578 edidit
1031 3528 1135 3588 suisset:
1148 3538 1175 3579 et
1186 3531 1212 3578 in
1225 3530 1341 3594 margine

242 3597 325 3660 ponit,
337 3595 482 3654 Fortesur't.
493 3597 532 3645 sed
542 3595 619 3644 hune!
630 3595 648 3646 J
650 3611 688 3644 ac.
698 3595 862 3644 Ground-6
875 3593 986 3656 conjicit
997 3594 1109 3656 Thyrius
1119 3595 1233 3658 optimum
1238 3593 1341 3655 fuctum.

241 3664 291 3708 -6
309 3660 388 3720 Alias,
406 3667 429 3709 et
445 3661 484 3710 lu'e
503 3665 637 3710 eutem—7
655 3661 697 3708 Sic
709 3659 852 3708 exduobue
864 3659 970 3718 Carrio;
988 3659 1037 3707 etsi
1055 3657 1169 3708 fatentur
1186 3674 1235 3708 non
1247 3673 1342 3722 suppe-

243 3732 300 3774 tere
312 3724 361 3772 sibi
372 3726 491 3786 exempla
502 3724 578 3786 hujus
590 3725 735 3785 locutionis,
751 3723 922 3786 ‘prestabilis
938 3723 1024 3787 aliqua
1042 3722 1135 3772 re.'—8
1151 3725 1246 3788 Vulgo,
1265 3723 1341 3785 isqui·

242 3789 345 3840 sita-ss
355 3788 408 3836 Pro
418 3803 540 3850 quemnam
552 3789 620 3850 vulg.
630 3803 766 3851 quenquam.
792 3789 867 3837 Fulv.
885 3789 950 3850 Reg.
963 3795 990 3835 et
1002 3788 1075 3837 Rott.
1085 3789 1197 3836 hubent:
1215 3793 1239 3836 et
1249 3788 1275 3836 is
1284 3802 1342 3849 quu-

243 3852 304 3903 lr'hus
314 3852 390 3902 enoris
401 3857 425 3900 et
437 3865 560 3914 poemorum
570 3866 641 3914 rusque
650 3855 681 3900 od
692 3855 799 3902 eaodem:
817 3860 846 3902 ut
858 3857 886 3901 et
903 3851 1019 3901 nonnulli
1035 3853 1102 3916 apud
1115 3853 1340 3902 Curionem-tlt

744 3957 850 4030 ueris

246 4055 250 4062 ⁵
277 4072 288 4104 ὓ
314 4075 481 4138 Theophrasto]
502 4075 529 4126 Ie
553 4077 717 4140 philosophus
739 4090 772 4125 ex
812 4076 873 4124 rina
889 4083 990 4127 tanturn
1011 4077 1169 4142 loqueretur,
1183 4075 1343 4140 Theophras·

244 4147 309 4196 urhe
329 4149 423 4198 Eresso
440 4150 466 4199 in
483 4151 572 4200 lnsula
591 4151 673 4200 Lesbo
688 4151 772 4200 oriuu·
813 4158 855 4200 tus
867 4159 906 4200 est
918 4153 950 4201 ab
962 4152 1104 4202 Aristotele
1116 4152 1270 4215 appellatus,
1283 4166 1342 4203 curu

245 4221 303 4286 dus,
312 4221 345 4270 ob
355 4225 478 4273 sermonis
485 4227 647 4283 erravitatenr,
655 4227 727 4292 quasi
737 4227 772 4276 di·
813 4228 885 4292 prius
893 4229 1028 4292 Tyrtomus
1038 4227 1179 4279 diceretur.
1205 4227 1270 4279 Post
1278 4241 1343 4278 mor·
