3076 4866
260 385 304 454 lc
427 408 431 419 *
641 405 772 454 tuconi
794 405 980 454 cnouovu

261 567 330 612 sem
346 551 446 632 atque
462 547 771 612 animaduertissem
796 548 1014 630 diligentiam,
1031 555 1101 614 tum
1114 551 1157 613 ob
1173 550 1251 634 ipsa
1265 552 1358 616 exul·

260 651 388 716 lavisse
411 669 464 714 me
489 649 606 723 fateor,
622 655 693 714 tun
716 651 760 714 ob
782 650 993 732 possessoris
1020 651 1203 716 amicitiam
1217 669 1358 734 prorsus

260 750 492 818 inaestimebili
514 749 676 816 felicitate
695 752 909 834 acquisitam,
926 751 1024 836 cujus
1044 759 1077 818 to
1092 754 1264 818 conscium
1278 755 1360 818 fecit

261 853 440 930 dedicatio,
452 873 528 918 cum
544 855 640 918 aliter
656 853 787 918 solvere
802 861 910 935 grates
926 855 1059 918 debitas
1072 855 1252 938 nequirem.
1290 855 1358 920 Sed

263 956 487 1020 etiamlibens
513 955 620 1019 fateor
643 974 697 1021 mc
724 955 921 1020 obstrictum
936 955 1031 1020 Viris
1055 955 1299 1022 Eruditissimis
1324 963 1360 1020 et

263 1043 492 1126 Amicissimis
508 1058 611 1124 Petro
627 1059 819 1124 Burmanno
835 1067 870 1122 et
884 1057 1062 1124 Theodoro
1078 1059 1225 1124 lohanni
1239 1058 1359 1124 Sobel·
1384 1087 1389 1100 ·

261 1162 415 1240 bmchic,
431 1162 509 1226 dum
523 1161 581 1228 bic
596 1161 752 1225 editionis
768 1157 906 1230 Antonii
930 1157 1074 1244 Grypbii
1090 1161 1167 1226 anni
1188 1159 1283 1226 1566.
1297 1178 1360 1224 ex·

261 1265 388 1348 emplar
403 1263 446 1328 ab
460 1262 618 1331 Iohanne
642 1260 776 1332 Isaacio
793 1262 946 1326 Ponteno
961 1267 1153 1346 usurpatum
1167 1268 1202 1327 et
1216 1262 1271 1326 hic
1288 1262 1359 1328 illic

261 1365 496 1448 conscriptum,
516 1364 574 1430 ille
597 1363 776 1430 editionem
800 1363 1013 1428 Brixiensem
1032 1369 1149 1448 sponte
1162 1364 1245 1450 mibi
1259 1365 1359 1430 ablu*

261 1467 384 1548 lerunt;
407 1466 528 1550 quibus
542 1464 676 1549 publice
695 1465 820 1547 gratias
843 1483 918 1548 ago,
937 1467 1019 1550 quia
1042 1466 1171 1533 videbis
1183 1473 1359 1551 utrumque

262 1569 390 1636 alicubi
404 1569 513 1634 citari.

304 1671 363 1736 Sic
378 1689 454 1736 cum
469 1677 552 1754 post
565 1671 677 1735 omnia
693 1669 782 1754 typis
798 1668 953 1734 absoluta
968 1668 1132 1751 praefatus
1148 1669 1278 1736 viderer
1297 1667 1359 1736 tibi

260 1775 421 1840 rationem
435 1791 519 1838 meae
543 1791 669 1857 operae,
689 1792 789 1855 quam
814 1771 879 1836 huc
901 1785 1011 1854 usque
1034 1771 1225 1856 impendero
1251 1771 1357 1854 volui,

260 1873 459 1952 reddidisse,
475 1881 512 1940 ut
527 1875 601 1959 jam
625 1876 740 1940 liceret
755 1875 865 1940 aulaea
890 1873 1019 1952 tollere,
1042 1875 1155 1939 subito
1180 1875 1359 1939 admoneor

260 1977 445 2060 inopinatae
457 1977 634 2043 molestiae.
658 1977 796 2060 Quippe
812 1976 914 2040 etiam
928 1996 1017 2040 nuno
1032 1975 1204 2059 quomodo
1217 1975 1358 2041 inscribi

260 2077 394 2143 deberet
406 2078 471 2144 boc
486 2099 587 2164 opus,
611 2080 795 2144 deliberare
816 2077 925 2142 debui.
970 2077 1061 2142 Nam
1076 2096 1154 2140 cum
1168 2083 1268 2142 ceule
1282 2076 1359 2160 plu·

260 2179 336 2244 rimi
351 2180 486 2246 tilulum
509 2181 645 2246 fecerint
662 2180 707 2245 A.
724 2175 823 2242 Gellii
840 2176 951 2242 Noctes
975 2177 1100 2256 Attica,
1118 2187 1188 2246 tum
1204 2176 1358 2244 Badians

260 2283 381 2348 maluit
395 2279 477 2345 Auli
491 2277 593 2344 Gellii
615 2277 761 2344 Noctium
782 2278 963 2343 Atticorum
979 2275 1034 2344 tit.
1050 2295 1137 2344 xlx.
1161 2279 1290 2344 additur
1304 2297 1359 2344 ru·

260 2383 357 2454 brice
382 2379 489 2460 (Nam
504 2391 628 2444 octavus
640 2389 754 2464 prater
778 2379 881 2463 capitu
896 2380 1106 2460 desiderator)
1126 2380 1271 2466 pluribus
1284 2379 1359 2444 locis

261 2503 355 2568 qaum
378 2481 508 2546 antebac
525 2482 717 2568 integriores.
760 2481 918 2548 Vetustee
945 2485 1107 2548 editiones
1127 2485 1219 2548 nulla
1240 2484 1359 2548 habits

260 2601 340 2650 cura
353 2586 466 2650 octavi
479 2583 556 2647 libri
571 2584 605 2648 in
620 2603 709 2648 nono
724 2583 853 2648 decimo
868 2583 995 2648 liniunt.
1018 2583 1128 2650 Aldus
1144 2591 1252 2650 autem
1266 2603 1356 2650 anno

260 2687 357 2753 1515.
368 2687 584 2772 inscripserat
599 2683 679 2749 Auli
697 2671 798 2748 Gellii
815 2682 960 2748 Noctium
974 2683 1155 2749 Atticarum
1174 2684 1249 2750 libri
1263 2685 1357 2752 uncle·

260 2789 382 2876 viginti,
398 2808 473 2854 cum
490 2795 522 2852 et
536 2797 700 2872 agnoscat
720 2789 834 2871 capita
857 2773 933 2852 libri
957 2789 1081 2866 octavi,
1097 2796 1133 2853 ot
1147 2793 1180 2854 in
1194 2807 1359 2873 processu

261 2893 374 2977 operis
396 2892 520 2957 habeat
542 2892 662 2956 librum
686 2908 756 2956 xx.
772 2891 936 2954 ultimum.
981 2890 1066 2955 Cum
1090 2892 1219 2956 iuterim
1242 2911 1358 2961 omnes

260 2993 429 3077 iungant,
452 2996 547 3078 quasi
570 2995 798 3058 descivissent
819 2992 855 3054 in
877 2993 1044 3076 principio
1067 2994 1144 3057 libri
1168 3010 1219 3058 vr.
1235 3013 1358 3078 accep·
1413 2997 1415 3000 ’

260 3103 328 3162 tam
337 3098 516 3181 jacturam.
543 3095 613 3160 Sed
628 3097 730 3160 etiam
746 3094 847 3160 modo
861 3095 1037 3160 exhibetur
1051 3095 1130 3160 mibi
1145 3095 1358 3161 Bibliotheca

260 3197 383 3262 Mlius
397 3211 460 3261 seu
476 3197 510 3262 N
512 3196 609 3260 utilia
630 3196 815 3260 Auctorum
841 3195 999 3288 Veterum
1015 3197 1224 3275 Latinorum,
1239 3198 1272 3262 in
1288 3217 1357 3281 qua

260 3318 339 3382 pag.
357 3299 407 3362 12.
424 3299 594 3364 scribiturt
619 3295 740 3362 Extant
758 3295 905 3362 Noctium
919 3297 1098 3362 Atticarum
1112 3298 1156 3362 ud
1168 3296 1278 3362 liberos
1289 3321 1357 3363 euos

260 3399 336 3464 libri
352 3417 423 3466 xx»
467 3401 504 3465 si
518 3405 645 3478 extent,
660 3406 747 3465 certe
762 3403 805 3465 ab
820 3402 936 3484 aliquo
947 3401 1107 3485 inspectae
1122 3407 1246 3465 suntet
1261 3421 1357 3466 usur·

261 3509 375 3586 patee;
398 3503 535 3586 quodsi
557 3503 606 3566 ita
627 3509 689 3580 est,
709 3502 927 3568 obstrinxerit
944 3509 1031 3567 certe
1046 3522 1107 3567 nos
1122 3502 1311 3585 plurimum,
1326 3504 1357 3567 si

260 3623 453 3669 communes
480 3605 624 3670 voluerit
645 3625 732 3670 esse.
776 3605 843 3669 Sed
866 3604 965 3670 video
989 3624 1072 3669 mox
1094 3605 1164 3670 illic
1187 3606 1266 3670 addi
1280 3606 1357 3672 libri

260 3707 373 3772 octavi
395 3707 469 3770 sola
495 3714 690 3790 argumenta
713 3707 757 3771 ad
780 3727 842 3773 nos
867 3708 1074 3791 pervenisse,
1098 3717 1138 3772 ut
1159 3726 1274 3772 verear
1289 3715 1356 3774 tam

258 3810 378 3875 frustra
390 3807 474 3876 illud
489 3809 583 3892 prius
597 3811 780 3895 expectari,
796 3831 897 3894 quam
919 3817 1038 3875 temere
1054 3816 1113 3876 aut
1127 3811 1178 3874 sic
1193 3812 1356 3893 scriptum

257 3916 309 3975 est
323 3917 452 3987 extare,
476 3916 536 3975 aut
558 3913 809 3977 commendatur
828 3912 933 3976 editio
957 3911 1077 3994 Thysii
1097 3917 1130 3975 et
1145 3910 1276 3987 Oiselii,
1292 3911 1355 3974 ini·

257 4013 422 4094 quissima
432 4013 584 4095 profecto
599 4015 774 4092 sententia,
789 4021 825 4078 ut
834 4034 912 4098 quse
923 4015 1044 4080 babeat
1053 4013 1180 4078 selecta
1192 4031 1236 4076 ex
1252 4013 1354 4076 variis

256 4113 527 4180 doctissimorum
542 4116 711 4182 bominum
727 4116 862 4200 scriptis
875 4115 1111 4180 commentaria
1123 4120 1157 4179 et
1170 4113 1355 4197 subjectum

257 4221 453 4284 accuratum
468 4217 614 4282 indicem
632 4219 831 4301 scriptorum
844 4237 865 4282 a
876 4216 991 4282 Gellio
1003 4217 1231 4299 allegatorum.
1255 4212 1355 4280 Com·
