3076 4866
422 384 471 431 nr
496 383 583 433 rma
610 385 657 435 nr
680 384 804 438 annus
826 391 862 442 ι.
886 391 1027 442 osuiu.
1232 385 1274 450 al

167 531 202 591 et
215 526 471 592 modestissima
492 529 684 616 inscriptio,
706 554 747 600 ne
763 556 784 600 a
800 533 963 622 Scioppio
983 537 1113 622 quidem
1130 545 1189 606 ant
1204 541 1274 607 Lu·

167 628 293 692 dorico
316 627 436 708 Vives,
459 631 579 698 aliisve
601 635 705 700 Gellii
728 639 1006 706 obtrectatoribus
1028 641 1196 721 infestata,
1217 665 1274 708 ne-

167 731 243 794 scio
257 731 315 812 qni
331 733 550 800 commoverit
571 733 693 799 Virum
710 738 947 819 clarissimum,
971 741 1174 810 Micbaiilem
1189 746 1274 810 Lili-

166 833 360 911 entbaiium,
375 841 413 898 ut
428 834 480 900 bic
495 836 530 899 in
546 836 687 903 Selectis
709 839 892 906 Historicis
906 849 941 908 et
955 843 1126 909 litorariis
1143 845 1269 912 Obser-

166 943 238 998 vut.
254 950 322 1000 vri.
349 936 445 1020 §xa
467 958 500 1020 p.
516 939 593 1002 204.
617 939 706 1006 hanc
729 947 925 1009 sententiam
948 965 1066 1028 parum
1088 948 1271 1030 propitiam

166 1035 383 1118 pronuntiet:
407 1042 418 1072 ‘
434 1037 586 1104 Veliicat
600 1043 778 1124 quoesitam
790 1045 962 1111 titulorum
973 1049 1270 1114 obscuritatemac

165 1137 421 1219 ambiguitatem
433 1141 567 1206 Aucus
577 1140 763 1222 (innuite,
779 1147 855 1229 ipse
870 1148 913 1211 ob
922 1149 1174 1231 inscriptionem
1188 1169 1270 1234 ope·

163 1240 213 1303 ris
227 1241 282 1304 sui
298 1241 384 1305 satis
398 1242 577 1308 obscuram
596 1245 812 1326 vellicandus,
823 1253 858 1312 et
872 1251 994 1314 acerbo
1014 1251 1085 1314 sale
1105 1251 1270 1316 defrican-

163 1341 249 1406 dns.’
291 1342 367 1424 ligo
381 1363 472 1421 vero,
487 1362 585 1428 quam
600 1344 665 1424 Tu,
677 1347 722 1412 V.
733 1347 772 1412 G.
788 1347 1065 1434 ‘inscriptionem
1080 1353 1274 1418 obscuram'

163 1463 284 1523 vocas,
297 1445 448 1510 modeste
462 1452 497 1509 et
516 1446 608 1510 bona
629 1466 707 1512 cum
730 1449 829 1515 venia
852 1457 915 1516 tua
937 1453 1147 1535 interpretor,
1175 1457 1269 1520 ‘non

164 1548 253 1615 satis
268 1547 429 1612 illustrem
448 1555 484 1612 et
504 1567 567 1632 pro
590 1548 752 1632 dignitate
773 1553 975 1642 πολυϊστοςίας
996 1553 1162 1621 Gellianus
1176 1575 1269 1639 mag·

163 1647 322 1714 uilicum?
365 1649 435 1713 Sed
451 1649 857 1732 reclamantemtenndire
868 1655 948 1720 mihi
960 1656 1099 1721 videor:
1123 1657 1268 1736 desinas,

163 1753 288 1816 amabo
302 1755 355 1816 tc:
381 1753 567 1834 periculum
590 1753 728 1818 invidiae
750 1756 810 1820 tibi
826 1759 889 1822 erit
904 1777 925 1822 a
940 1759 1079 1822 summis
1095 1757 1202 1836 Viris,
1220 1759 1266 1824 H.

163 1851 349 1935 Stephano,
366 1853 482 1919 Curtio
505 1854 709 1934 lancilotto,
733 1857 790 1923 Jo.
814 1859 968 1938 Fecbtio,
991 1879 1092 1944 quam
1114 1860 1266 1944 plurimis

163 1954 253 2032 aliis,
268 1955 327 2038 qni
340 1956 498 2040 exemplo
512 1955 616 2022 Gellii
632 1957 746 2041 Opera
758 1979 821 2025 sua
835 1961 986 2028 ‘Noctes
998 1962 1005 1988 ’
1020 1963 1266 2046 inscripserunt,

161 2057 219 2124 bic
243 2055 468 2136 ‘Parisinas,’
491 2057 548 2122 ille
572 2057 794 2138 ‘Romanas'
821 2061 886 2126 iste
908 2063 1169 2140 ‘Christianas,’
1204 2064 1264 2130 alii

163 2161 273 2237 aliter,
288 2161 337 2223 uti
356 2160 429 2243 jam
455 2161 586 2227 notavit
607 2160 660 2226 cl.
679 2162 855 2228 Fabricius
879 2165 969 2230 Bibl.
985 2165 1060 2229 Lat.
1075 2166 1098 2230 l.
1116 2181 1173 2228 ιιι.
1188 2185 1218 2229 c.
1234 2167 1265 2229 l.

162 2280 199 2348 p.
213 2263 290 2328 609.
305 2269 339 2328 et
352 2262 491 2328 Volum.
504 2279 561 2327 ιιι.
576 2285 610 2348 p.
624 2265 657 2328 4.
672 2265 792 2349 quibus
807 2265 912 2330 addas
934 2267 1009 2331 Viri
1033 2266 1086 2330 ct.
1103 2266 1158 2331 Jo.
1174 2267 1264 2332 Frid.

163 2363 303 2431 Christii
317 2364 469 2430 ‘Noctes
488 2364 731 2444 Academicas,'
745 2367 851 2434 editas
872 2367 975 2434 Halae
990 2369 1086 2434 1⁷27.
1100 2368 1131 2434 8.
1177 2367 1264 2434 Mihi

161 2467 315 2550 proiecto
328 2467 441 2544 valde,
455 2466 574 2545 fateor,
590 2467 769 2534 Gellianus
791 2471 854 2536 iste
877 2470 996 2534 titulus
1018 2469 1140 2553 placet,
1161 2470 1264 2536 sicuti

163 2569 337 2654 quondam
363 2569 539 2634 Hadriano
562 2567 680 2647 sunio,
701 2570 771 2653 qui,
802 2568 939 2636 ‘Aulus
960 2569 1117 2648 Gellius,'
1143 2572 1263 2655 inquit,

162 2675 317 2757 ‘scripta
342 2657 558 2737 sna'Noctes
580 2668 717 2739 Atticas
746 2674 898 2738 vocavit:
927 2673 1073 2755 glorioso
1092 2679 1263 2738 uoctnmse

162 2775 402 2841 lucubrationis
430 2770 645 2856 argumento!
687 2771 768 2838 Vid.
796 2773 931 2838 Blount
963 2773 1104 2838 Gensur.
1129 2772 1262 2838 Celebr.

162 2875 304 2942 Auctor.
321 2897 356 2960 p.
381 2875 457 2941 146.
502 2875 634 2952 Placet,
657 2874 805 2959 inqu‘am,
831 2876 912 2958 quia
925 2875 1072 2940 nativam
1095 2875 1262 2957 quandam

161 2978 402 3060 ingenuitatem
424 2975 571 3060 praefert,
596 2973 817 3059 Auctorisque
840 2976 1038 3041 modestiam
1053 2977 1157 3040 tacite
1171 2995 1262 3040 ccm-

161 3077 313 3158 mendat,
336 3079 366 3142 si
387 3077 443 3142 bic
466 3077 519 3142 vel
541 3095 711 3160 nunquam
736 3077 948 3161 scripsisset:
985 3077 1088 3142 ‘Nos
1112 3095 1202 3155 vero,
1224 3085 1261 3143 ut

162 3185 283 3264 captus
296 3187 410 3245 noster
424 3185 489 3256 est,
504 3178 672 3242 incuriose
696 3183 730 3242 et
751 3177 961 3244 immeditate
983 3197 1024 3244 ac
1040 3197 1144 3263 prope
1157 3179 1262 3246 etiarn

162 3282 352 3348 subrustice
381 3301 426 3346 ex
446 3281 525 3363 ipso
547 3280 623 3344 loco
645 3297 687 3344 ec
709 3283 855 3362 ternpore
877 3279 1098 3364 hybemarnrn
1120 3279 1259 3362 Vigilia-

161 3404 250 3462 mm,
260 3383 430 3448 Arctoas
445 3381 612 3460 Nocuns,
623 3379 869 3464 inscripsimus,
879 3387 1005 3446 tantum
1016 3383 1136 3447 ceteris
1152 3383 1260 3448 omni·

159 3487 229 3552 bus
241 3487 277 3550 in
290 3487 399 3570 ipsius
413 3501 549 3568 quoqne
562 3481 791 3565 inscriptionis
799 3481 901 3546 lande
916 3482 1084 3561 cedentes,
1098 3489 1260 3566 quantum

160 3589 330 3654 cessimus
345 3588 380 3651 in
393 3606 474 3651 eura
486 3591 520 3650 et
534 3584 699 3667 elegantis
713 3581 926 3666 scriptionis.’

207 3691 362 3774 Denique
377 3709 451 3754 cum
465 3687 598 3753 Gellius
613 3684 850 3751 Praeiationem
865 3705 960 3750 snam
974 3684 1027 3750 bis
1042 3686 1155 3752 verbis
1169 3686 1260 3752 clau·

159 3793 232 3858 dit:
262 3791 415 3875 ‘Capita
428 3809 547 3868 rerum,
569 3805 646 3871 quta
668 3788 792 3872 cuique
807 3787 1047 3852 commentario
1062 3787 1185 3864 insunt,
1201 3805 1260 3850 ex·

158 3893 339 3978 posuimus
350 3893 404 3956 hic
415 3893 581 3968 universa,
590 3897 630 3954 ut
639 3889 712 3974 jam
722 3890 837 3954 statim
849 3889 1043 3966 declaretur,
1054 3887 1136 3970 quid
1147 3906 1262 3970 quove

158 3998 197 4062 in
209 3997 297 4062 libro
313 3995 419 4079 quaeri
439 3993 646 4075 invenirique
672 3991 782 4076 possit
793 3989 813 4073 ;'
845 3992 951 4077 quoeri
964 4011 986 4056 a
1000 3989 1138 4054 criticis
1152 3987 1259 4054 solere

158 4098 309 4177 memini,
336 4103 346 4132 ‘
359 4097 481 4174 istane,
497 4113 574 4178 quae
597 4093 697 4159 bodie
719 4101 901 4178 supersunt
914 4092 1071 4175 Cupitum
1086 4091 1261 4172 Gelliano-

157 4220 231 4266 rum
248 4201 453 4278 Lentulus,
467 4199 614 4265 Gellium
629 4198 740 4282 ipsum
755 4203 927 4264 auctorem
940 4195 1098 4274 babeant,
1114 4213 1158 4261 sn
1168 4213 1191 4259 a
1204 4213 1260 4258 re.-
