3076 4866
251 373 296 444 26
554 395 812 446 cunrsrruuus
836 397 1054 446 rsusrnnus

250 537 303 606 tia
324 535 520 602 metiendam
542 537 694 618 arbitror,
715 538 751 604 id
769 559 822 604 me
845 559 1013 624 exponere
1033 543 1169 606 memini
1190 543 1224 608 in
1246 543 1347 627 Cogi-

253 638 433 704 lotionibus
454 639 536 704 meis
559 639 777 724 Philologieis
801 642 895 707 Part
918 659 976 710 111.
1000 641 1145 725 Cogitat.
1169 662 1193 710 r.
1226 667 1259 730 p.
1281 648 1346 712 157

296 843 314 926 ς
329 858 362 904 ν.
385 841 551 926 Sequitur,
572 849 610 909 ut
625 844 667 910 de
683 844 810 912 Studiis
826 845 945 910 Nostri
959 847 1107 912 nonnihil
1122 848 1245 926 dicam,
1267 867 1345 932 que

252 946 286 1008 in
298 963 392 1027 spem
406 950 440 1010 et
452 945 709 1012 emolumentum
723 948 787 1012 fori
802 949 975 1032 praecipue
989 949 1132 1014 educate
1145 949 1250 1014 luisse
1264 971 1346 1015 eon-

247 1043 334 1128 jicio
349 1065 393 1110 ex
407 1047 431 1110 l.
447 1064 535 1112 xrrr.
557 1069 588 1113 c.
604 1049 656 1114 13.
672 1049 776 1132 prino.
799 1049 908 1116 ‘Cum
928 1070 974 1114 ex
990 1052 1121 1134 angulis
1145 1052 1346 1136 secretisque

250 1147 411 1212 librorum
435 1169 477 1214 ac
501 1150 733 1233 magistrorum
756 1151 791 1214 in
814 1151 959 1216 medium
979 1152 1053 1235 Jam
1074 1151 1247 1216 hominum
1261 1154 1346 1218 etin

251 1247 361 1312 lucem
374 1249 437 1318 ieri
452 1250 639 1333 prodissem
651 1250 670 1316 ε’
685 1252 764 1316 item
779 1253 800 1315 l.
821 1268 902 1317 xrv.
918 1273 948 1317 c.
963 1254 995 1318 2.
1018 1257 1029 1288 ‘
1044 1254 1164 1318 libros
1172 1255 1345 1338 utriusque

249 1349 371 1434 linguae
387 1352 431 1417 de
446 1351 556 1418 officio
571 1353 594 1418 J
596 1353 705 1438 udicis
716 1354 862 1438 scriptos
880 1355 1080 1440 conquisivi,
1095 1363 1136 1420 ut
1148 1356 1247 1420 homo
1262 1354 1345 1420 ado·

250 1451 381 1517 lescens
397 1474 418 1519 a
433 1454 606 1537 po'c'tarnm
622 1455 747 1520 sabulis
761 1462 793 1520 et
808 1477 830 1522 a
841 1457 1007 1522 rhetorum
1027 1457 1170 1542 epilogis
1192 1456 1235 1522 ad
1252 1455 1345 1540 judi·

250 1555 376 1620 candas
390 1556 466 1621 lites
481 1556 804 1642 vocatus,'-(Genf.
820 1575 844 1622 1.
859 1559 913 1624 22.
924 1557 1042 1623 etinir.
1058 1560 1075 1644 §
1091 1573 1158 1624 vrr.
1173 1557 1216 1622 de
1228 1557 1344 1622 Hone-

248 1655 338 1720 rihus
353 1655 483 1742 Gellii.)
525 1658 760 1724 Rusucmona
775 1659 862 1724 adeo
877 1660 950 1724 sive
960 1659 1161 1744 eloquentiae
1174 1659 1344 1724 ineuntem

251 1765 387 1824 oetatem
414 1763 585 1841 tribuerat,
609 1761 710 1841 (unde
735 1769 769 1826 et
797 1761 1031 1828 Rhetoriscum
1056 1781 1131 1826 eum
1161 1760 1344 1844 compellat

249 1859 383 1926 Taurus
397 1862 620 1947 philosophus
631 1864 652 1928 l.
665 1879 760 1928 xvrr.
775 1884 805 1930 e.
814 1862 885 1948 20.)
893 1865 1058 1948 magistris
1069 1884 1149 1930 usus
1159 1865 1342 1930 rhetoribus

248 1960 290 2026 Τ.
305 1960 473 2030 Castricio
495 1973 531 2030 et
548 1965 696 2048 Sulpitio
718 1962 919 2049 Apollinari.
937 1983 971 2028 v.
993 1967 1014 2029 l.
1031 1983 1081 2030 vr.
1103 1987 1133 2031 e.
1149 1967 1184 2032 6.
1201 1981 1272 2028 xrr.
1286 1964 1341 2032 le.

247 2077 336 2132 xrrr.
351 2065 404 2128 17.
419 2065 473 2129 20.
515 2064 674 2132 Adultior
696 2074 732 2132 et
756 2067 791 2130 in
815 2067 868 2131 his
883 2067 990 2132 literis
999 2067 1071 2151 jam
1085 2068 1255 2132 robustior
1271 2066 1342 2132 fec-

247 2170 315 2242 tus,
331 2165 409 2230 aliis
430 2168 571 2251 impigre
588 2170 730 2234 vocabat
744 2169 944 2252 disciplinis,
960 2189 1037 2253 quoe
1057 2177 1093 2234 et
1117 2176 1344 2234 ornamentum

246 2267 381 2349 ingenio
404 2277 440 2334 et
462 2271 688 2338 laxamentum
710 2271 841 2335 defesso
867 2272 1013 2354 negotiis
1035 2271 1145 2336 animo
1168 2271 1343 2336 afferrent:

248 2372 352 2452 atque
366 2370 401 2434 in
417 2370 470 2434 his
485 2372 693 2454 potissimum
710 2372 969 2450 Prruuonocrrn,
994 2373 1046 2438 uti
1064 2373 1207 2456 ipsemet
1219 2372 1343 2438 latetur

247 2470 271 2534 l.
288 2485 341 2534 ιι.
357 2491 387 2534 e.
401 2472 435 2536 3.
452 2473 559 2555 princ.
581 2472 753 2560 ‘Quande
769 2473 812 2537 ah
835 2472 978 2538 arbitriis
1000 2474 1212 2558 negotiisque
1236 2472 1344 2543 otium

246 2580 311 2650 est,
340 2592 487 2657 quaerere
507 2594 741 2658 nonnunquam
766 2573 856 2658 apud
883 2581 1004 2640 memet
1031 2575 1144 2658 ipsum
1166 2576 1262 2640 soleo
1287 2591 1342 2640 res

246 2673 425 2757 ejusmodi,
451 2695 573 2761 parvas
601 2677 737 2760 quidem
766 2677 982 2759 minutasque
1003 2681 1038 2746 et
1059 2676 1250 2742 hominibus
1271 2696 1341 2742 non

245 2777 330 2842 bene
340 2777 480 2842 eruditis
495 2779 732 2861 aspernabiles,
748 2776 810 2842 sed
825 2777 867 2841 ad
883 2776 1044 2842 Veterum
1058 2778 1182 2862 scripta
1197 2784 1231 2844 et
1244 2779 1341 2862 peni·

245 2886 303 2944 tus
317 2880 496 2956 noscenda,
520 2888 555 2945 et
577 2881 622 2946 ad
645 2881 819 2946 scientiam
842 2879 965 2963 linguae
984 2879 1115 2946 Latinae
1130 2881 1339 2964 cumprimis

244 2981 452 3046 necessarias
462 2983 489 3063 3'
503 2981 696 3061 Quinimmo
712 2986 873 3066 quantum
887 2981 921 3046 in
935 2981 999 3046 hoe
1014 2979 1199 3046 studiorum
1217 3001 1339 3064 genere

245 3081 375 3151 Noster
386 3084 576 3168 profecerit,
592 3084 783 3150 testimonio
798 3090 875 3149 sunt
889 3084 996 3167 ipsius
1023 3081 1174 3148 ‘Noctes
1191 3083 1340 3162 Attice:

244 3203 385 3267 quarum
408 3184 551 3267 diligens
576 3186 682 3250 lector
700 3185 771 3250 sine
791 3185 891 3250 dubio
909 3184 1139 3268 pronuntiabit
1156 3203 1234 3248 curn
1255 3185 1338 3250 Βω-

245 3287 336 3352 clero
350 3287 392 3352 de
407 3287 632 3372 Scriptoribus
648 3287 735 3354 Sane.
750 3303 790 3352 rr.
805 3307 840 3372 p.
859 3307 903 3354 m.
914 3287 967 3352 62.
984 3286 1190 3369 ‘Singularis
1206 3285 1339 3352 thesau-

244 3407 301 3454 rus
330 3390 479 3473 anitiquac
504 3391 716 3474 eloquentiae,
744 3390 805 3454 sed
826 3389 946 3473 paucis
969 3395 1168 3472 perspectus
1191 3389 1273 3452 latet
1302 3389 1337 3454 in

244 3489 380 3557 Gellio?
423 3492 545 3576 Neque
562 3513 641 3558 vero
658 3492 921 3558 Prrrnosorrrrn
945 3489 1070 3556 Noster
1084 3489 1256 3567 abstinuit,
1270 3489 1338 3575 (ia-

242 3594 346 3659 miliae
369 3594 556 3660 Platonica
581 3600 734 3673 sectator,
758 3614 789 3658 v.
806 3611 832 3657 1.
845 3593 877 3657 9.
893 3609 945 3657 νι.
960 3591 1014 3656 14.
1045 3607 1098 3654 rx.
1113 3593 1145 3656 5.
1170 3594 1337 3658 xv11.20.

244 3711 329 3760 xix.
344 3696 396 3781 6.)
408 3698 541 3764 deditus
554 3697 589 3762 in
603 3699 720 3782 primis
738 3697 910 3771 Mourur,
927 3695 1022 3779 cujus
1037 3693 1337 3777 praestantissimos

242 3803 396 3864 auctores
410 3799 572 3866 lectitavit
583 3799 787 3882 Epictetum,
802 3797 980 3880 AEsopum,
995 3795 1203 3872 Musonium,
1215 3796 1337 3864 Pene-

241 3900 336 3977 tium‚
360 3897 640 3983 Theophrastum,
663 3899 903 3982 Chrysippum,
929 3897 1120 3980 Epicurum,
1143 3897 1247 3978 alios3
1262 3919 1336 3966 sec·

239 4006 329 4074 tatus
343 4021 440 4086 porro
459 4003 630 4087 principes
655 4002 710 4068 sui
731 4001 894 4084 temporis
918 3999 1132 4075 Favorinum,
1149 3997 1334 4066 Calvisium

240 4103 388 4168 Taurum
418 4112 454 4170 et
484 4104 717 4189 Peregrinum
736 4105 805 4170 imo
829 4103 877 4168 ita
904 4107 1058 4178 sectatus,
1086 4108 1126 4168 ut
1148 4099 1334 4168 auditiones

239 4205 465 4290 lectionesque
480 4225 559 4274 suas
578 4207 646 4274 ‘ad
667 4207 923 4276 emolumenturn
942 4202 1089 4270 solidum
1108 4211 1210 4286 atque
1232 4207 1335 4274 ratio-
