3076 4866
582 383 704 434 INDEX
730 385 909 434 certunm.
1243 376 1285 440 (il

117 583 125 597 ἱ
226 529 251 574 5.
268 525 310 574 De
322 523 470 588 Pyrrhoniis
482 523 637 588 philosophis
649 523 777 590 quiedam,
788 525 872 591 deque
884 525 1048 576 Academicis
1066 525 1176 576 strictim
1189 521 1290 592 notets‚'

190 603 280 668 deque
292 606 360 654 inter
371 619 415 654 eos
426 603 583 656 differentis.
1231 657 1238 668 „

223 688 247 733 o·
264 684 340 736 Quod
350 685 470 736 mulieres
486 686 575 736 Romae
596 700 642 749 per
660 685 799 735 Herculem
819 699 869 734 non
882 684 1046 748 juraveruut,
1065 699 1147 752 neque
1167 687 1215 736 riri
1235 703 1284 752 pes

192 763 338 816 (intorem.

225 848 251 893 7.
267 845 360 894 Verbis
372 845 552 910 antiquissimis
563 845 712 910 relictisque
718 846 774 909 jem
785 853 813 895 et
823 845 915 894 desitis
927 845 1030 896 minime
1044 845 1176 896 utendum.

225 927 248 972 e
267 925 336 976 Quid
357 927 468 976 senserit
493 927 639 992 dixeritque
660 927 699 976 M.
719 927 786 976 Ceto
806 926 839 975 de
862 926 964 989 Aibiuo,
986 926 1029 989 qni
1057 927 1132 976 horno
1159 927 1286 982 Romanos

191 1003 288 1054 Gresce
299 1006 417 1056 orstione
434 1021 475 1058 res
491 1007 630 1070 Romanus,
648 1008 724 1058 venie
742 1007 791 1058 sihi
810 1015 870 1057 ente
886 1009 942 1071 ejus
959 1007 1097 1071 imperitise
1115 1007 1205 1070 petits,
1217 1023 1287 1058 rom·

192 1085 292 1147 posuit.

224 1168 250 1214 ⁹.
267 1165 384 1216 Historie
395 1165 531 1231 delegetis
547 1166 632 1218 Mileti
648 1173 676 1218 et
696 1168 872 1218 Demosthene
883 1168 988 1218 rhetore
1004 1167 1112 1218 inlibris
1130 1167 1235 1219 Critolai
1247 1181 1286 1216 re·

213 1251 280 1293 erte.

193 1259 267 1377 l’ltu
284 1327 361 1380 Quod
388 1327 418 1378 C·
440 1329 573 1378 Gracchus
596 1328 622 1377 in
647 1328 764 1379 erutione
786 1343 831 1378 sess
855 1327 984 1380 historiam
1007 1329 1209 1392 suprascriptam
1231 1331 1285 1378 De·

192 1407 262 1463 medi
290 1407 396 1471 rhetori,
421 1422 472 1458 nou
499 1409 674 1472 Demostheni,
696 1409 830 1459 attribuit:
857 1410 985 1473 verbaque
1012 1408 1090 1471 ipsius
1119 1409 1149 1458 C.
1174 1409 1288 1459 Gracchi

193 1489 370 1621 Ὓῐέὼι
388 1571 421 1622 P.
439 1569 548 1634 Nigidii.
570 1569 662 1634 quibos
683 1565 789 1620 differre
811 1568 876 1619 dicit
894 1567 1034 1618 ‘mentiri’
1057 1575 1085 1618 et
1105 1569 1286 1620 ‘mendacium

193 1652 360 1784 ἀιῗὲῗεὲᾰιιοά
376 1732 535 1796 Chrysippus
555 1729 718 1793 philosophus
742 1743 817 1778 omne
836 1727 943 1776 verbum
965 1728 1111 1791 smhiguunr
1130 1729 1285 1795 dubiumque

193 1827 251 1862 esse
262 1812 336 1873 dicit,
349 1811 478 1860 Diodorus
489 1817 580 1861 contre
589 1809 685 1859 nullum
698 1809 803 1860 rethom
815 1810 959 1871 snrhiquuru
971 1824 1028 1860 esse
1040 1817 1122 1872 putet.

228 1897 268 1942 lt.
285 1891 354 1944 Quid
372 1892 403 1940 Τ.
419 1890 560 1942 Cestricios
579 1889 613 1938 de
632 1889 717 1938 verbis
740 1887 824 1953 deque
844 1889 974 1938 sententie
994 1890 1102 1953 quedem
1123 1891 1153 1940 C·
1173 1891 1286 1942 Gracchi

193 1972 380 2024 existimaverit
390 1988 398 2032 3
414 1971 532 2036 quodque
540 1983 595 2018 esse
607 1983 664 2020 esm
674 1969 730 2018 sine
742 1969 794 2018 uilo
805 1981 895 2018 sensns
906 1970 1080 2018 emolumento
1092 1970 1217 2022 deerrarit.

227 2056 268 2103 11.
285 2053 376 2102 Sobria
386 2059 413 2101 et
425 2051 596 2114 pulcherrime
605 2050 706 2099 Romuli
718 2049 796 2112 Regis
806 2049 938 2112 responsio
949 2049 1017 2098 circe
1027 2050 1077 2098 vini
1089 2065 1170 2100 usum.

228 2139 268 2182 15.
285 2133 327 2182 De
344 2131 520 2181 ‘ludibunde'
539 2138 567 2180 et
585 2129 770 2192 ‘errabundo,'
786 2136 865 2194 etque
882 2131 908 2178 id
925 2143 1004 2192 uenus
1024 2130 1159 2180 verborum
1176 2131 1286 2194 produc·

195 2213 310 2264 tionibus
321 2229 328 2273 3
345 2219 373 2261 et
385 2212 452 2276 quod
466 2211 588 2276 Laberius
599 2211 634 2259 sie
645 2218 653 2238 ¹
665 2209 876 2260 smorsbundunr'
889 2210 964 2272 dixit,
975 2217 1003 2257 ut
1015 2209 1109 2259 dicitur
1119 2211 1126 2238 ⁶
1137 2210 1288 2260 ludibunde·
1366 2235 1372 2246 ·

195 2301 225 2344 et
241 2291 431 2342 ‘errabundae’
448 2299 526 2357 etque
544 2291 606 2341 inibi
627 2291 695 2357 qnod
714 2293 823 2341 Sisenns
840 2305 887 2356 per
904 2289 1078 2355 hujuscemodi
1095 2289 1201 2339 verbum
1220 2305 1286 2341 novo

195 2375 278 2440 iignrs
290 2389 350 2422 nsos
359 2382 407 2423 est.

229 2458 268 2503 lo.
285 2454 360 2505 Quod
371 2453 522 2503 (iuncorum
533 2453 691 2518 quorundum
704 2451 839 2500 verhornrn
847 2449 997 2501 difficillime
1008 2457 1049 2500 est
1060 2449 1085 2499 in
1105 2451 1221 2501 hetinsm
1238 2453 1285 2502 lin-

195 2549 270 2598 gnam
282 2535 406 2584 mustutio:
424 2535 495 2582 retur
506 2532 574 2597 quod
586 2533 681 2582 Grnce
694 2532 799 2588 dicitnr,
809 2529 1029 2596 transmiserim.

228 2619 266 2663 17.
284 2615 353 2667 Quid
369 2613 496 2678 significet
514 2614 541 2662 in
560 2613 690 2663 ueteribus
710 2612 856 2662 Prsetorunr
869 2613 971 2674 edictis,
988 2611 1052 2676 ‘qui
1062 2609 1167 2662 flumine
1179 2616 1286 2664 retonde

197 2697 300 2761 publice
315 2695 430 2744 redemta
442 2692 555 2744 trahent!

227 2780 266 2825 18.
283 2776 340 2826 Qus
351 2789 426 2837 poens
439 2775 524 2822 Drsco
536 2770 700 2822 Atheniensis
712 2771 736 2819 in
748 2771 856 2834 iegibus,
865 2786 927 2836 ques
940 2771 1035 2834 populo
1044 2770 1195 2822 Atheniensi
1207 2776 1286 2838 scrip-

195 2857 238 2918 sit,
250 2854 319 2904 sures
331 2853 456 2915 effecerit,
467 2861 495 2902 et
508 2867 558 2916 qne
574 2862 664 2915 postes
682 2853 772 2913 Soion,
786 2857 812 2900 et
828 2868 878 2917 qun
895 2853 958 2900 item
978 2852 1125 2900 Decemviri
1142 2855 1232 2918 nostri,
1243 2856 1285 2920 qui

195 2950 248 2986 xrs.
259 2935 359 2984 tubulus
370 2935 545 2997 scripserunt:
563 2939 639 2997 etque
656 2933 718 2981 inibi
730 2934 881 2995 sscriptnnr,
893 2931 960 2996 quod
981 2930 1049 2994 opud
1068 2931 1199 2996 AEqyptios
1216 2933 1287 2985 furto

195 3017 304 3066 iioitset
315 3015 439 3078 permisso
450 3021 518 3075 sunt,
527 3014 595 3078 spnd
608 3014 816 3063 Lucedesmonios
827 3023 913 3061 sutem
927 3027 986 3060 curn
998 3011 1083 3060 studio
1097 3027 1197 3075 quoqne
1210 3012 1286 3064 affec·

196 3103 288 3146 tetset
309 3110 355 3157 pro
375 3095 500 3143 exercitio
518 3093 574 3144 utili
591 3093 734 3154 celebrate,
751 3107 781 3141 eu
794 3101 924 3156 proteres
934 3092 972 3140 M.
984 3091 1089 3139 Cetouis
1100 3091 1132 3138 de
1144 3093 1287 3154 poeniendis

195 3176 272 3226 sortis
282 3175 360 3239 digus
372 3173 491 3224 memoris
502 3173 639 3225 sententis.

511 3333 683 3382 Commentario
693 3329 826 3380 duodecimo
837 3331 984 3380 iecissent.

229 3451 253 3497 l.
268 3446 428 3496 Dissertatio
439 3444 557 3494 Ferorini
570 3443 723 3507 philosophi,
733 3457 785 3507 qne
800 3441 880 3490 sussit
898 3441 977 3490 nohiii
994 3439 1115 3504 foeminae,
1134 3441 1173 3490 nti
1185 3441 1287 3504 liberos,

195 3543 262 3596 quos
274 3529 428 3592 peperisset,
437 3541 487 3576 non
497 3526 626 3574 nutricum
639 3523 818 3579 adhibitorum,
829 3521 874 3572 sed
886 3537 931 3571 suo
942 3521 990 3571 sibi
1001 3522 1070 3571 tecte
1080 3521 1170 3570 aieret.

228 3613 254 3659 2.
271 3607 345 3659 Quod
358 3607 472 3657 Annaeus
481 3607 580 3657 Seneca
588 3605 708 3670 judicans
720 3603 751 3653 de
764 3603 798 3656 Q.
809 3603 891 3653 Ennio
902 3603 985 3667 deque
996 3604 1035 3654 M.
1044 3603 1137 3668 Tullio,
1147 3603 1199 3652 tevi
1209 3600 1287 3652 futili-

197 3703 248 3754 que
254 3688 354 3754 judicio
365 3686 424 3738 suit.

227 3773 252 3820 1.
268 3771 277 3798 ‘
292 3767 412 3819 Lictorie’
429 3765 579 3816 vocabuinrn
600 3781 651 3830 que
667 3764 765 3815 rstione
783 3769 938 3828 conceptum
958 3773 1094 3830 ortumque
1106 3763 1155 3826 sit;
1172 3770 1200 3812 et
1211 3777 1287 3826 super

195 3863 227 3900 eo
238 3849 349 3900 diversae
361 3849 497 3900 sententie
508 3847 594 3910 Volgii
606 3844 663 3894 Ruti
675 3851 703 3894 et
712 3843 789 3893 Tullii
799 3843 940 3893 Ciceronis.

227 3935 253 3982 4.
270 3931 367 3980 Versus
394 3929 497 3992 socepti
519 3943 551 3977 ex
576 3928 610 3979 Q.
634 3925 710 3974 Ennii
735 3925 844 3989 septimo
869 3923 1006 3985 nunculium,
1028 3921 1119 3986 quihus
1141 3920 1288 3984 depingitur

196 4010 337 4076 finiturque
365 4011 494 4074 ingenium
519 4008 677 4072 comitesque
705 4005 811 4055 hominis
838 4004 943 4054 minoris
971 4017 1033 4066 erge
1056 4001 1164 4050 emiorum
1189 4001 1287 4065 eupori-

198 4105 360 4220 or{tunderruo
371 4169 451 4220 Tsuri
463 4169 603 4234 philosophi
614 4168 647 4218 de
659 4167 735 4218 ruodo
747 4171 824 4230 etque
836 4163 934 4214 ustione
946 4158 1071 4211 tolerandi
1088 4161 1181 4211 doloris
1198 4176 1287 4211 secun·

200 4249 261 4300 dum
271 4251 420 4338 Stoicorum
429 4249 546 4300 decreto.
