3076 4866
482 380 591 430 nucu.
615 379 738 428 ruric.
763 380 834 428 ιιιι.
859 381 883 428 ι.
907 381 990 431 cnr.
1015 383 1053 430 ιι.
1269 373 1313 440 73

214 525 360 590 hunore‘
382 522 558 606 praeditns,
573 523 765 588 arcessebat
777 543 870 607 saepe
885 525 972 605 uos?
993 547 1068 592 curn
1084 529 1174 612 apud
1189 531 1313 614 megis-

217 634 285 690 tros
312 624 454 690 Athenis
483 646 649 704 essemus,
670 628 704 692 iu
727 627 827 691 villas
848 629 880 692 ei
903 631 977 694 urbi
999 633 1182 713 proximas,
1205 640 1314 698 meet

217 728 270 792 Cl.
289 727 330 792 V.
346 727 579 805 Servilianum,
600 729 858 812 compluresque
872 732 959 796 alios
976 739 1153 810 nostrates,
1169 735 1226 817 qui
1241 733 1314 800 Ro-

216 850 271 894 nra
285 830 319 894 in
334 830 504 895 Graeciam
518 831 561 895 uel
573 831 770 914 capiendum
784 832 907 914 ingenii
917 833 1042 898 cultum
1054 843 1315 902 concesserant·

216 932 331 1016 Atque
346 935 395 998 ibi
411 940 501 1011 tuuc,
517 952 593 998 cum
608 952 755 998 essemus
770 935 862 1016 apud
877 955 953 1000 eum
964 937 997 999 in
1012 937 1104 1015 villa,
1120 939 1176 1002 cui
1191 957 1313 1004 nomen

215 1041 267 1100 est
281 1035 466 1118 Cephisias
485 1040 520 1101 et
534 1043 622 1101 essm
639 1037 718 1100 anni
740 1041 775 1100 et
796 1036 904 1101 sidere
926 1039 1077 1103 autumni
1098 1038 1314 1122 flagrantissi-

215 1157 272 1202 mo
285 1135 341 1218 ;⁶‘
362 1138 644 1222 propulsabamus
655 1139 775 1202 caloris
786 1138 1002 1204 incommoda
1012 1141 1184 1206 lucorum⁶
1196 1146 1314 1211 umbra

215 1241 408 1322 ingentium,
422 1241 532 1322 longis
548 1241 750 1307 ambulacris
772 1250 809 1307 et
829 1243 986 1318 mollibus
1006 1243 1128 1308 milium
1143 1248 1312 1327 posticum

215 1341 525 1425 refrigerantibus‚⁸‘
543 1344 686 1408 lavacris
709 1345 822 1410 nitidis
841 1352 876 1409 et
891 1344 1059 1410 abundiss
1069 1351 1103 1410 et
1118 1347 1313 1414 collucenti-

215 1447 306 1524 bus,⁹
320 1446 491 1528 totiusque
505 1445 596 1510 silim
620 1453 800 1512 venustate
822 1449 922 1531 aquis
947 1447 1096 1532 undique
1112 1451 1246 1514 canoris
1262 1457 1314 1516 et·

247 1643 259 1678 '³
278 1643 385 1693 Herodes
395 1645 546 1695 Atheniensis
559 1645 661 1695 illustris
674 1648 805 1710 eloquentis
821 1649 918 1709 Graes,
927 1655 950 1698 et
967 1649 1110 1710 magistratu
1122 1650 1231 1699 Consulis
1247 1663 1314 1711 quesn

212 1715 327 1771 gesserat,
344 1711 547 1774 muschampe
557 1725 607 1760 nos.
673 1719 684 1744 ⁰
702 1713 751 1768 Qut
767 1717 836 1762 munt
847 1713 1192 1826 snsuruuslegnpuiueaerunt
1203 1713 1315 1762 Rosrsr'n

217 1774 378 1824 Groeeicssui
394 1775 516 1835 ingenium
532 1776 647 1825 imtrinis
661 1777 820 1826 esculentiam.
917 1777 994 1828 “Per
1040 1793 1103 1827 osan
1113 1779 1171 1828 ussi
1181 1784 1205 1827 et
1222 1783 1315 1826 ustnss

213 1840 402 1888 astutissimam
417 1840 532 1890 autumni.
597 1839 759 1904 septumum.
834 1837 919 1892 'Cum
928 1843 1313 1908 butneuislieisss,spienttittu,et

214 1903 895 1970 absumtiufrigefurerentposteriorempurtessriomus.

674 2048 855 2069 ”cuonone

216 2159 249 2196 ιι.
260 2146 294 2196 sd
307 2145 387 2196 attic.
406 2147 454 2210 sp.
466 2145 515 2196 lt!
534 2147 591 2196 Jue.
611 2147 766 2198 Gronau—8
782 2147 893 2198 ‘Utrum
911 2147 1050 2198 mutueris
1070 2161 1102 2213 ep
1119 2143 1238 2196 hminis?
1254 2144 1315 2198 dein

214 2223 294 2274 quare
302 2211 426 2275 mstieusn,
442 2225 517 2274 quam
528 2211 592 2260 slias
604 2212 710 2275 pertesi
742 2211 831 2276 Ocyus
843 2213 927 2262 scribe
938 2228 969 2261 es
983 2212 1107 2262 Fuluiano
1119 2219 1147 2260 et
1158 2213 1217 2260 Rut.
1227 2211 1316 2260 oeiimn

213 2276 293 2338 posits
312 2275 473 2338 refrigeranti.
506 2275 586 2326 ovid.
606 2289 644 2326 rs.
661 2275 690 2328 F.
708 2275 861 2326 ‘Trinacris
881 2292 896 2326 s
917 2277 1001 2341 positu
1020 2291 1112 2326 nomeu
1131 2275 1227 2339 sdepte
1247 2273 1315 2325 loui.'

214 2341 296 2390 Tacit.
315 2353 355 2389 ιν.
374 2338 442 2388 Αιιιι.
458 2339 644 2400 ιΙ)ιι1ιιιιιιίιιιι,
659 2355 717 2404 qum
737 2342 824 2405 positu
843 2343 954 2404 regionis
969 2357 985 2390 s
1002 2349 1077 2404 tergo
1097 2339 1163 2390 iltis:
1197 2339 1232 2389 Et
1253 2339 1316 2388 siin·

216 2403 280 2453 dunt
295 2405 344 2454 buc
357 2403 487 2454 Carriunis
498 2405 617 2454 codicum
634 2405 757 2466 ludibria,
770 2405 896 2470 posuisses
910 2405 1077 2467 refrigerantis
1095 2411 1123 2454 et
1142 2403 1259 2468 pmtiesss
1278 2418 1316 2452 re·

208 2467 342 2530 frigerumi
360 2477 388 2518 et
402 2467 631 2532 postrefrs'gerumti.
661 2469 844 2520 Liucolnlensis
854 2485 958 2534 unoque
969 2467 1143 2530 ecSchefferi,
1160 2467 1315 2533 rpipsrentii

215 2531 242 2584 J.
253 2533 283 2584 F.
293 2535 459 2584 Grumum-9
474 2534 607 2598 Trillerns,
623 2535 649 2583 in
669 2535 787 2597 Epistola
807 2534 840 2584 sd
860 2535 1006 2586 Felsterum
1027 2534 1135 2598 scripta,
1152 2533 1267 2597 conjicit,
1286 2531 1316 2582 at

214 2599 283 2648 undis
298 2598 469 2657 collucentibus,
487 2598 576 2650 deleta
594 2613 687 2664 nempe
704 2599 849 2664 posteriore
869 2601 964 2664 copule
978 2606 1039 2649 ente
1055 2598 1228 2650 educentibus.
1264 2595 1316 2646 Re·

711 2747 818 2800 NO'l'AE

248 2863 258 2889 ²
275 2854 502 2918 Consslurihosors]
518 2854 744 2904 Auuonrbiseuu·
817 2862 826 2888 ⁸
841 2852 925 2904 Silere
933 2851 1041 2902 autumni
1043 2849 1249 2916 Jiucmstbsisro]
1268 2849 1317 2899 Cs-

215 2930 277 2981 ditse
299 2945 397 2982 ccxnv.
418 2933 499 2995 pulsis
525 2931 607 2980 Roma
634 2931 745 2994 regibus,
785 2924 1316 2990 niculsmiutellipitGellinaquodsidus

216 3007 269 3056 biui
280 3007 375 3058 deiude
385 3008 491 3071 singulis
507 3008 579 3056 suuis
590 3008 672 3058 creati
685 3015 745 3058 snut
785 3008 868 3056 oritur
880 3017 952 3054 ssu.
968 3003 984 3054 J
989 3003 1042 3063 ulii,
1052 3017 1100 3052 uec
1115 3002 1162 3052 nisi
1175 3008 1235 3066 pust
1247 3015 1317 3050 meu·

216 3085 352 3148 Consules,
377 3085 422 3149 qui
456 3084 559 3135 scilicet
585 3083 745 3148 Reipublicae
786 3097 839 3134 sem
866 3080 982 3132 cecidit:
1011 3087 1084 3128 reete
1106 3084 1192 3127 eutem
1219 3075 1317 3126 dicitur

215 3163 389 3212 consulerent.
432 3161 487 3210 Pes
514 3174 594 3210 nunus
621 3172 745 3212 ccccm.
786 3159 858 3208 sidus
872 3157 1001 3215 autumni,
1016 3153 1086 3219 quod
1095 3150 1279 3213 Athenienses,
1289 3165 1316 3202 s·

215 3251 339 3286 nummum
355 3237 489 3299 imperium
506 3241 613 3285 munere
633 3235 665 3284 sd
682 3243 745 3284 ters-
787 3233 838 3298 pusi
851 3247 915 3298 quus
925 3232 951 3282 id
968 3229 1097 3282 scribebat
1107 3227 1218 3288 Gellius,
1230 3241 1278 3291 per
1290 3225 1317 3276 itl

217 3315 355 3376 porslutii
366 3313 493 3374 Cessris3
510 3327 543 3362 es
561 3327 622 3376 qno,
633 3312 747 3376 Impera·
789 3309 910 3371 temporis
932 3316 1082 3358 rotumnam
1104 3310 1228 3368 agerent:
1251 3303 1319 3353 sole·

216 3392 314 3442 toribus
340 3393 390 3441 sihi
415 3407 562 3456 supremam
590 3397 746 3455 potestatem
787 3385 850 3436 bunt
868 3386 937 3434 euim
956 3398 1008 3434 uuo
1029 3391 1057 3432 et
1079 3381 1214 3432 dimidiato
1233 3379 1318 3429 altero

216 3468 407 3532 arrogantibus,
417 3483 509 3518 nomen
520 3469 574 3518 siue
589 3467 747 3517 strutoritsts
789 3475 874 3509 mense
898 3466 959 3509 rute
990 3459 1129 3508 solstitium
1163 3458 1318 3520 hybernum,

216 3545 356 3594 retinuere.
390 3545 582 3608 Mugodeinds
597 3549 653 3608 pust
666 3543 747 3592 inter·
787 3536 857 3600 quod
871 3535 943 3584 cauit
961 3534 986 3583 iu
1008 3547 1081 3586 surr.
1098 3532 1254 3583 Decembris
1272 3532 1319 3581 iu·

216 3621 449 3682 vultaconnum
470 3633 561 3670 sumen
584 3627 612 3669 et
630 3625 746 3684 potestus
787 3627 847 3663 cere
862 3613 963 3664 initium
983 3610 1092 3676 hyemis,
1103 3623 1180 3674 quem
1201 3609 1319 3671 suspiee-

216 3699 319 3747 omniuu
347 3699 438 3746 Rome
474 3697 575 3746 sublata
601 3703 642 3746 est
678 3708 747 3744 sano
788 3690 881 3738 bantur
891 3689 962 3737 circa
973 3702 1022 3738 vsi.
1042 3684 1208 3736 Novembris.
1223 3685 1318 3748 ltaque

217 3773 314 3824 Cbsisti
325 3787 399 3824 nxnr.
788 3765 872 3816 triber
888 3771 950 3814 aute
967 3763 1095 3814 mensibus
1113 3761 1232 3812 sstumni
1248 3760 1319 3823 priu-

247 3846 261 3880 ⁴
278 3849 402 3913 Cephisia]
420 3847 479 3898 Uus
490 3856 538 3912 est,
555 3855 584 3898 st
595 3847 630 3898 sit
644 3845 747 3906 Strabo,
787 3843 856 3907 cipis
872 3857 940 3894 sonu
955 3843 1061 3892 circiter
1073 3841 1184 3906 hugruti
1200 3851 1319 3888 usmern-

215 3941 248 3975 ex
265 3925 402 3976 duodecim
420 3925 536 3988 urbibus,
551 3938 614 3989 quas
630 3924 746 3986 cmsops
788 3921 861 3982 bant,
883 3933 934 3985 quo
955 3927 1073 3981 tempore
1098 3919 1236 3981 conjuncte
1258 3929 1318 3966 cum

216 4002 313 4064 primas
323 4000 519 4051 Atheniensium
536 4015 582 4050 rex
600 4001 696 4063 popule
707 3999 746 4048 iu·
785 3997 845 4048 Sele
855 3996 975 4046 canicule
986 4002 1076 4044 ustum
1093 3993 1180 4044 reddit
1191 3991 1319 4044 sidentis·

217 4079 540 4140 coteudsssssigunsersts
556 4077 747 4140 slteest-props
787 4073 887 4124 sisium.

217 4152 332 4202 Athenas
350 4153 383 4202 sd
407 4151 512 4204 fluvium
532 4153 681 4218 cephisum,
701 4152 746 4217 qul
814 4147 962 4209 trunto]
980 4143 1106 4195 Abuudns
1117 4159 1168 4196 sos
1185 4153 1226 4196 est
1244 4145 1318 4196 nnius

218 4226 479 4281 Attiesmintertluit.
787 4225 867 4278 eredo
879 4222 959 4276 Gellii
970 4220 1085 4286 propria.
