3076 4866
259 411 302 478 68
648 421 770 472 runnx
796 421 978 471 carrruu.

293 573 317 618 t.
334 563 405 620 Quid
415 561 547 616 AEscblues
559 563 647 613 rbetar
657 562 685 612 in
696 563 822 626 oratione,
834 577 884 627 qua
892 561 1055 612 Timarchum
1064 560 1101 611 vle
1112 560 1273 626 impudicitia
1285 577 1360 614 aecu-

259 649 336 711 savit,
348 645 556 697 Lacedaemonius
574 645 696 694 statuisse
718 644 816 693 dixerit
833 657 912 707 anper
930 643 1059 694 sententia
1072 642 1267 710 probatissima,
1283 657 1360 711 qaam

260 727 491 792 improbatissimus
502 726 578 774 homo
589 724 703 774 dixisset.

291 813 316 858 t.
334 806 410 860 Quod
421 805 550 868 Sulpicius
562 804 720 868 Apollinaris
736 803 923 868 praedicantem
935 805 1063 869 quendam
1076 820 1091 854 a
1103 819 1161 856 sese
1171 819 1223 856 uno
1239 807 1360 857 Sallustii

259 889 380 938 historias
398 886 509 950 intelligi
529 886 618 949 illusit,
635 887 780 950 quastione
790 887 930 950 proposita,
947 887 1008 950 qnid
1024 887 1103 938 verba
1120 887 1171 938 ista
1182 888 1251 953 aputl
1262 889 1359 940 Salluv-

204 1021 209 1032 ,
259 971 324 1020 tium
336 967 530 1033 significarent:
548 969 556 995 ⁴
569 969 697 1016 incertum
710 967 830 1016 stolidior
839 983 873 1017 an
885 967 993 1017 uanior!

291 1057 316 1100 ⁵.
334 1049 411 1102 Quod
429 1051 462 1101 Q.
476 1048 574 1098 Ennius
589 1049 614 1098 in
633 1049 742 1112 septimo
759 1050 844 1098 anuali
861 1049 1029 1113 ‘quadrupes
1050 1047 1148 1113 eques‚'
1164 1063 1256 1100 acuon
1271 1051 1280 1079 ‘
1293 1065 1355 1116 qua·

260 1129 356 1194 drupes
368 1128 466 1193 οιιιιιιι,1
481 1135 511 1178 ιι1
523 1129 611 1192 legunt
620 1129 706 1190 multi,
718 1129 843 1192 scriptum
855 1127 971 1192 reliquit.

291 1215 317 1260 t.
333 1209 410 1262 Qvod
422 1207 501 1258 AElins
514 1209 645 1271 Melissus,
662 1209 687 1257 iu
699 1209 765 1258 libro
776 1209 819 1258 cui
832 1209 935 1258 titolum
946 1209 1009 1260 tecit
1029 1210 1082 1260 ‘de
1101 1211 1224 1276 loquendi
1243 1213 1359 1275 proprie-

259 1291 334 1355 tate,'
350 1305 425 1356 quem
436 1304 494 1339 curu
506 1289 599 1339 ederet
614 1292 621 1317 ‘
634 1291 729 1340 coruu'
739 1305 796 1340 esse
813 1289 931 1353 ‘copim'
951 1291 1065 1352 dicebat,
1082 1307 1136 1341 rem
1154 1293 1257 1355 scripsit
1273 1305 1360 1356 usquc

258 1373 333 1424 dictu
351 1385 437 1436 neque
455 1370 545 1420 autlitu
566 1371 685 1435 dignam3
701 1385 759 1422 cmo
777 1369 881 1421 differre
898 1371 1077 1420 ‘matronam'
1096 1377 1124 1421 et
1140 1373 1270 1422 ‘matrem
1285 1370 1359 1422 sami·

256 1453 322 1504 iiaa'
334 1452 494 1502 existimarit
505 1449 653 1501 differentia
665 1453 740 1516 longe
752 1452 895 1502 vanissima.

292 1539 317 1585 7.
335 1535 418 1586 Quem
438 1532 465 1580 iu
484 1531 587 1580 modum
606 1533 749 1581 Favorinus
770 1533 924 1582 tractaverit
947 1532 1159 1597 intempestivum
1180 1534 1307 1598 qvteutlatn
1327 1534 1360 1583 de

258 1615 396 1666 verborum
408 1612 620 1676 ambiguitatibus
631 1619 806 1679 quaerentem:
825 1619 905 1679 atque
925 1613 960 1662 ibi
981 1623 1046 1678 quot
1062 1613 1262 1679 significationes
1273 1617 1362 1678 capiat

259 1693 389 1746 ‘conclu'

292 1781 321 1827 8.·
332 1774 564 1838 ‘ouomtnsmuasl
575 1775 728 1838 numisma,
749 1776 892 1841 atquealia
910 1777 937 1826 itl
957 1789 1047 1841 genita,
1064 1789 1121 1841 quaa
1139 1781 1290 1826 ornamenta
1305 1789 1359 1825 ora·

260 1858 337 1908 tionis
349 1863 484 1920 putantur,
495 1857 584 1920 inepta
596 1871 652 1906 esse
664 1865 692 1907 et
705 1857 825 1920 puerilia,
840 1857 931 1907 Lucilii
943 1872 1045 1922 quoque
1058 1857 1173 1907 versibus
1185 1857 1320 1908 declarari.

291 1943 316 1987 9.
333 1937 402 1989 Quid
420 1936 548 2000 siguificat
564 1937 631 2001 apud
651 1937 689 1985 Μ.
701 1933 827 1986 Catonem
839 1937 946 1986 verbum
964 1938 972 1966 ⁸
986 1937 1125 1987 insecenda
1133 1936 1150 1998 ;’
1167 1937 1287 2001 quodque
1297 1939 1359 1988 iate·

260 2021 331 2070 cende
344 2018 428 2082 potius
440 2018 577 2081 legendum
589 2019 632 2078 sit,
647 2033 722 2082 qtram
734 2017 801 2083 qnod
814 2019 931 2082 plerique
943 2018 1102 2081 existimant,
1112 2019 1262 2082 insequendo.

294 2103 334 2149 lb.
353 2099 447 2147 Errare
459 2099 531 2160 istos,
549 2097 635 2164 quiin
653 2098 815 2162 exploranda
832 2097 899 2146 febri
919 2097 1006 2161 pulsus
1023 2109 1145 2148 renerum
1157 2098 1300 2162 pertentari
1311 2113 1358 2162 pn·

261 2185 328 2238 tant,
339 2192 390 2228 uon
401 2177 564 2226 arteriarum.
647 2165 649 2172 ⁴

294 2263 333 2308 11.
350 2257 438 2308 Verba
450 2271 482 2306 ex
494 2258 651 2307 carminibus
664 2258 734 2307 Furii
745 2257 859 2308 Antiatis
876 2258 970 2306 inscite
988 2273 1003 2306 a
1020 2258 1139 2308 Caesellio
1150 2258 1260 2308 Vindice
1272 2273 1359 2324 repre-

260 2341 349 2402 hensa,
359 2353 500 2402 versusqne
512 2340 570 2402 ipsi,
581 2339 606 2386 in
618 2339 711 2403 quibus
723 2353 755 2388 ea
767 2339 846 2388 rerba
857 2345 925 2397 suut,
937 2338 1084 2402 subscripti.

294 2425 334 2470 la.
352 2419 452 2468 Morem
465 2420 540 2468 istum
547 2419 686 2469 Veteribus
699 2420 794 2469 uostris
805 2419 895 2484 fuisse,
904 2419 1002 2468 ‘verba‘
1013 2419 1143 2483 patieutll'
1154 2425 1253 2470 mutare
1262 2433 1293 2471 ac
1305 2435 1361 2471 ver·

261 2505 317 2562 tere
329 2500 356 2547 iu
373 2500 381 2526 ‘
393 2499 501 2563 agendi'
512 2499 625 2549 modum.

293 2584 334 2628 11.
352 2580 430 2632 Quali
441 2581 538 2630 talione
549 2581 679 2644 Diogenes
691 2581 857 2646 philosophus
875 2597 936 2632 usus
956 2585 992 2634 sit
1010 2589 1176 2648 pertentatus
1192 2597 1207 2632 a
1222 2582 1359 2634 dialectico

261 2658 371 2724 quodam
383 2660 550 2723 sophismatio
560 2660 714 2724 impudenti.

294 2743 335 2788 ta.
352 2738 421 2790 Quid
433 2740 467 2789 sit
479 2753 598 2789 uumerus
612 2741 780 2803 ‘lremiolios,'
798 2741 858 2805 quid
872 2745 879 2771 ¹
891 2742 1031 2807 epitriton·
1048 2751 1076 2794 et
1093 2743 1161 2809 quod
1174 2743 1299 2794 uocabula
1310 2744 1361 2794 ista

261 2831 313 2868 uon
325 2818 402 2869 facile
412 2821 494 2869 nostri
506 2821 560 2870 ausi
572 2829 633 2870 suut
644 2831 747 2872 vertere
758 2824 783 2871 iu
795 2824 908 2888 lingnam
920 2825 1046 2875 Latinam.

295 2905 335 2949 15.
353 2899 427 2952 Quod
439 2902 476 2950 ltt.
487 2901 571 2951 Varro
591 2902 616 2950 iu
635 2903 721 2952 herois
740 2904 854 2953 versibus
871 2905 1049 2956 observaverit
1067 2921 1121 2957 reru
1139 2907 1215 2958 ulmis
1232 2907 1315 2957 aurire
1330 2913 1358 2957 et

262 2981 371 3030 curiosae
388 2981 584 3032 observationis.

559 3159 735 3208 Commmiura'o
751 3163 898 3212 nonodecimo
914 3165 964 3212 loec
980 3165 1069 3214 insunt.

296 3300 319 3344 1.
332 3294 475 3359 Responsio
486 3296 619 3360 cujusdam
633 3298 774 3362 philosophi
786 3301 948 3364 interrogati,
961 3317 1036 3367 quam
1048 3303 1081 3353 ob
1091 3317 1194 3354 cansam
1207 3304 1359 3354 maristem·

263 3382 366 3441 pestate
379 3377 513 3440 palluerat.

294 3461 320 3506 1.
337 3457 376 3506 lix
388 3455 501 3522 quinque
512 3459 628 3522 corporis
638 3461 755 3511 sensibus
766 3461 829 3510 dnos
840 3477 897 3512 csse
908 3478 967 3512 eum
977 3463 1070 3513 belluis
1082 3463 1194 3514 maxime
1205 3477 1361 3515 communes.

294 3541 319 3588 3.
337 3537 412 3589 Quod
427 3539 527 3601 turpius
538 3549 578 3588 est
589 3538 684 3603 frigide
695 3541 802 3605 laudari,
812 3557 889 3606 quam
900 3543 1020 3594 acerbius
1031 3544 1180 3609 vituperari.

294 3621 320 3666 t.
338 3619 512 3670 Quamobrem
524 3628 616 3670 venter
628 3623 765 3685 repentino
776 3623 868 3672 timore
880 3621 984 3686 effluam
1002 3639 1082 3690 qnare
1092 3625 1249 3690 etiam-ignis
1260 3627 1359 3676 nrlnam

261 3701 381 3750 lacessat.

295 3787 319 3830 ⁶.
337 3783 377 3830 Ex
387 3779 533 3832 Aristotelis
544 3781 616 3832 libris
628 3793 749 3848 sumtum,
760 3785 828 3850 quod
840 3785 906 3835 nivis
917 3801 984 3852 aqna
995 3787 1069 3852 potui
1082 3787 1193 3852 pessima
1203 3789 1245 3852 sit,
1255 3795 1281 3839 et
1291 3788 1360 3854 qnod

263 3877 296 3912 ex
309 3863 368 3912 nive
380 3863 516 3926 crystallus
528 3873 690 3913 concreatur.

295 3947 320 3993 6.
337 3942 412 3994 Qtrod
426 3942 509 4006 pudor
520 3945 668 4007 sauguinem
680 3943 712 3993 ad
724 3951 814 3995 extera
827 3945 957 4008 diffundit,
970 3947 1049 3998 timor
1058 3962 1121 3998 vero
1133 3947 1269 3999 contrahit.

295 4027 321 4072 l.
338 4023 408 4074 Quid
420 4021 454 4072 sit
466 4023 474 4051 ‘
484 4023 588 4073 obesum
597 4023 614 4084 ;'
632 4027 804 4090 nonnullaque
815 4027 865 4075 alia
877 4028 961 4090 prisca
973 4027 1109 4078 vocabula.

295 4107 319 4151 8.
338 4103 454 4154 Qtraestlo
466 4119 498 4153 au
514 4105 648 4166 ‘harenam'
662 4105 670 4133 ‘
681 4107 793 4168 coelnrn,'
804 4108 812 4136 ‘
824 4108 958 4172 triticum,'
971 4109 1080 4172 pluralia
1091 4109 1270 4158 inveniantur:
1282 4115 1360 4173 atque

264 4183 326 4234 inibi
338 4184 371 4234 de
383 4188 391 4213 ⁴
402 4185 550 4249 quadrigia,’
566 4188 574 4215 ⁸
586 4187 744 4252 inimicitiis,'
755 4189 885 4239 nonnullis
897 4197 1025 4254 praeterea
1037 4189 1178 4252 vocabulis,
1190 4203 1222 4238 au
1238 4190 1361 4256 singulari

264 4279 371 4315 numero
388 4268 586 4329 comperiantur.

297 4347 321 4392 9.
341 4344 447 4395 Antonii
458 4345 557 4396 Juliaui
567 4347 594 4396 in
605 4347 724 4398 convivio
735 4347 767 4397 ad
779 4347 903 4414 quosdam
915 4347 1020 4401 Grecos
1032 4349 1191 4414 lepidissima
1202 4349 1344 4414 responsio.
