3076 4866
473 390 583 443 uocr.
607 388 733 442 srrtc.
757 391 831 442 orn.
853 391 879 442 1.
901 395 983 445 ess.
1008 395 1048 444 rr.
1263 383 1308 450 75

206 544 333 623 genns⁰
353 536 521 621 griphos·¹
543 539 705 602 neminem
719 557 822 622 posse
837 538 954 604 dicens
969 541 1031 620 nisi
1044 559 1082 604 se
1096 529 1305 610 dissolvere:

206 661 276 705 rem
291 659 369 706 vero
384 639 574 716 ethicam,tm
595 647 814 724 naturamque
832 641 969 706 humani
985 643 1118 725 ingenii,
1132 645 1306 710 virtutum-

209 762 274 826 que
288 742 446 824 origines,
462 740 642 825 officiaque
657 761 784 822 aarum,
801 747 834 806 et
856 743 1026 808 continia‘¹
1048 751 1106 810 aut
1127 747 1307 828 contraria,

207 844 395 907 morborum
408 844 629 926 vitiommque
644 843 788 920 fraudes,
803 844 1056 928 animorumque
1066 847 1159 911 labes
1174 867 1215 914 ac
1230 869 1309 932 pes·

207 945 413 1022 tilentias,¹¹³
439 947 653 1010 asseverabat
673 947 752 1010 nulli
779 965 856 1010 esse
873 947 979 1028 magis
1000 967 1042 1011 ea
1056 949 1169 1012 omnia
1183 950 1307 1033 explo-

206 1051 520 1128 rata,¹4comperta,
542 1046 773 1130 meditataque
796 1066 896 1130 quarn
920 1048 996 1112 sibi.
1039 1049 1071 1112 3.
1094 1048 1308 1116 Cruciatibus

206 1153 317 1213 autem
331 1148 570 1232 doloribusque
586 1149 736 1232 corporis
749 1153 784 1212 ot
798 1150 955 1231 periculis
971 1155 1106 1214 mortem
1128 1151 1307 1216 minitanti·

206 1252 273 1316 bus
286 1251 438 1316 habitum
452 1257 642 1333 statumque
656 1251 736 1316 vitae
751 1252 873 1326 beatae,
889 1270 986 1333 quern
1000 1270 1038 1314 se
1052 1271 1127 1316 csse
1141 1252 1305 1336 adeptum

206 1353 363 1438 putabat,
384 1369 495 1433 neque
518 1351 610 1430 laedi,
630 1370 739 1434 neque
762 1351 913 1415 imminui
935 1353 1171 1434 existimabat3
1205 1375 1246 1419 ac
1267 1375 1309 1422 no

206 1456 274 1520 oris
293 1473 426 1538 qnoque
448 1460 483 1516 et
505 1453 616 1516 vultus
637 1453 847 1517 serenitatem
870 1453 979 1519 Stoici
999 1455 1141 1520 hominis
1156 1473 1303 1538 unquam

205 1555 277 1620 ulla
289 1574 393 1640 posse
408 1553 608 1637 aegritudine
630 1554 837 1619 obnubilari·
881 1554 957 1619 Has
979 1555 1038 1621 ille
1059 1557 1208 1622 inaneis*
1229 1577 1307 1624 cum

206 1657 300 1722 flaret
314 1656 452 1740 glorias,
459 1655 598 1739 jamque
609 1673 725 1719 ornnes
738 1653 837 1719 finem
847 1660 1019 1738 cuperent,
1035 1657 1215 1740 verbisque
1230 1659 1306 1742 ejus

209 1758 382 1842 defatigati
394 1765 420 1805 ¹⁵
434 1756 697 1841 pertaednissent
708 1763 732 1838 3⁸
754 1761 823 1820 turn
840 1755 994 1822 Herodes
1010 1757 1144 1837 Graeca,
1159 1766 1199 1824 ut
1210 1761 1311 1845 bujus

207 1860 368 1944 plurimus
381 1879 454 1924 mos
468 1856 570 1936 fnit,¹⁶
592 1861 742 1923 oratione
763 1866 871 1936 utens,
894 1859 1070 1939 Permitte,
1092 1861 1212 1945 inquit,
1234 1863 1309 1946 pbi-

207 1960 422 2044 losophorum
445 1961 668 2045 amplissime,
689 1961 847 2043 quoniam
858 1995 860 2000 ·
871 1961 1072 2044 respondere
1088 1981 1150 2027 nos
1165 1963 1228 2028 tibi
1242 1983 1309 2029 non

210 2063 357 2147 quimus,
372 2081 458 2145 quos
478 2063 604 2128 idiotas
619 2067 652 2126 et
666 2061 769 2128 rudes
781 2070 805 2111 ¹⁷
836 2071 975 2140 vocas‚¹
997 2064 1130 2129 recitari
1146 2083 1191 2129 ex
1209 2065 1309 2144 libro,

215 2163 346 2248 quidde
358 2163 590 2249 hujuscemodi
601 2164 888 2248 magniloquentia
900 2173 1012 2230 vestra
1026 2166 1164 2230 senserit
1174 2167 1310 2235 dixerit-

246 2372 528 2436 ⁰Etuiiaqissmerir
538 2379 675 2438 enigmate.
755 2377 962 2440 brabantorum
978 2379 1097 2429 amum.
1177 2379 1267 2427 tcta
1280 2377 1312 2426 iis

212 2437 342 2498 contincta
440 2445 450 2474 ¹
465 2442 644 2502 AEgritrrdiasm
654 2442 738 2493 nisti.
836 2449 845 2475 ¹
864 2443 920 2492 cm
934 2457 999 2504 poue
1014 2441 1188 2506 perturbatiores
1203 2441 1311 2492 dianium

213 2503 221 2533 ¹
238 2503 300 2551 Cass
316 2505 352 2552 sic
369 2503 474 2554 inaniter
483 2507 637 2565 gloriaretur.
712 2515 724 2542 ⁸
741 2507 849 2556 Fastidio
868 2506 950 2571 offecti
961 2507 1074 2567 fatescat.
1150 2515 1163 2541 ¹
1182 2507 1311 2556 Groecsio-

213 2580 293 2642 queas,
302 2573 328 2616 st
339 2582 468 2631 ninum
477 2571 575 2632 ostatu,
590 2571 666 2633 dicit,
675 2571 804 2622 ciminia
817 2571 954 2636 philosophe
961 2578 1043 2636 parm
1053 2585 1103 2630 sos,
1118 2587 1175 2636 quor
1190 2570 1312 2636 impetitu

213 2639 342 2693 amor
351 2647 428 2698 oxos,
437 2637 573 2698 totondere
581 2634 636 2686 tibi.
871 2687 875 2694 ,

669 2779 851 2800 men

585 2893 593 2918 Ὠ
725 2891 731 2906 '
853 2901 861 2924 ῃ
938 2895 943 2908 ¹
1193 2893 1198 2904 ¹
1214 2891 1219 2904 ⁸

211 2889 354 3034 m&
354 2891 1312 3034 glanditiiffi'nossdiiltifmsm1{eqissffimwufflmffl

211 3024 562 3138 tttttttttitttttt
570 3021 1162 3152 ,Pttttttttttnttttttttfw
1169 3027 1313 3152 ἑΐίῷῖίέἕῑ

213 3152 305 3203 Scribe
317 3153 405 3216 igitur,
420 3153 540 3220 qfficicqss
551 3167 631 3202 emm
641 3159 663 3202 et
674 3151 784 3216 euastata,
800 3155 826 3201 st
838 3159 860 3202 st
872 3158 962 3214 contre,
978 3151 1069 3200 morbos
1079 3152 1234 3214 uitiorumque
1239 3150 1313 3211 fros·

214 3220 263 3268 der.
295 3219 347 3268 Sed
359 3217 393 3268 G.
405 3217 553 3268 Renobinur
565 3231 584 3267 r.
592 3218 652 3266 Vct.
664 3215 694 3265 t.
705 3219 728 3266 t.
742 3216 851 3279 trajicit,
861 3216 1016 3279 uitiorumque
1027 3215 1125 3264 hieros
1134 3229 1159 3278 p.
1170 3216 1311 3264 crimm-

214 3280 383 3344 questuosa!
398 3281 424 3333 J.
438 3282 592 3331 F.Gronor.
626 3279 678 3330 atti
695 3295 742 3343 pro
754 3279 856 3342 frauder
873 3290 1043 3341 reposuerunt
1061 3283 1215 3331 Μαι-14
1230 3281 1312 3331 ‘Mra
1356 3303 1362 3316 ·

216 3353 244 3394 et
256 3353 320 3394 vett.
331 3345 391 3396 edd.
402 3349 462 3396 asili
471 3361 518 3396 esse
527 3347 570 3396 siti
580 3347 658 3406 moga
668 3360 695 3396 oo
706 3347 793 3394 omia.
825 3345 913 3396 Sebet.
925 3345 1043 3394 actitem
1052 3359 1121 3408 quom
1131 3345 1177 3394 itti.
1211 3343 1315 3393 Omissa

213 3424 263 3460 vox
276 3409 301 3458 in
312 3411 480 3474 Stepbrnics,
496 3411 578 3460 invito
598 3410 730 3466 carrione,
748 3410 791 3471 qui
811 3408 844 3458 de
861 3409 982 3486 loquendi
995 3409 1093 3459 ratione
1105 3424 1133 3459 ss
1144 3409 1206 3459 alibi
1218 3409 1313 3458 dixisse

217 3475 263 3523 sit.
295 3473 396 3524 Censeo
413 3475 527 3526 Gellium
546 3474 695 3537 scripsisse:
713 3475 775 3524 nolti
791 3487 839 3524 ssu
857 3487 899 3523 sat
919 3473 997 3535 nugis
1013 3488 1041 3522 eu
1059 3475 1138 3524 mauis
1153 3472 1216 3537 exp!
1232 3472 1259 3523 J.
1280 3473 1312 3521 1².

215 3538 392 3588 Gronau-lb
409 3539 526 3603 Optima
537 3537 693 3587 membranas
704 3537 845 3600 dqsetigati:
862 3539 899 3586 sic
919 3539 997 3587 etism
1015 3537 1169 3600 Steptrsnus,
1185 3536 1231 3586 scd
1250 3537 1313 3585 Rot-

217 3601 328 3652 teodori.
340 3613 367 3652 et
379 3602 473 3654 Sabell.
486 3603 608 3652 exhibent
621 3603 828 3666 vulgatum-ld
837 3601 880 3652 Sic
891 3603 982 3653 Carrio
994 3616 1009 3650 e
1020 3601 1120 3653 Busiid.
1142 3602 1238 3665 Vulgo,
1247 3599 1314 3661 πᾶν

213 3667 329 3730 ptmimss
343 3669 366 3717 ei
381 3684 431 3717 cros
443 3667 506 3730 suit,
521 3667 591 3732 quod
603 3681 617 3714 e
629 3667 687 3715 Pri.
699 3663 781 3716 refert
792 3665 946 3716 Geblrardos
958 3672 981 3718 1.
992 3665 1083 3731 Antiq.
1095 3670 1119 3716 ἣ.
1130 3667 1191 3717 Rct.
1202 3666 1227 3716 si
1302 3692 1313 3704 ·

220 3745 272 3782 uras
281 3733 304 3782 ei
314 3732 391 3792 mess·
411 3748 458 3797 pro
470 3747 521 3798 quo
539 3731 685 3796 suspicatur
702 3731 729 3784 J·
737 3731 768 3780 F.
785 3731 942 3798 Gronovius,
957 3737 985 3782 st
999 3731 1116 3795 plurim
1127 3731 1150 3781 ei
1165 3746 1215 3782 uror
1239 3731 1312 3780 .-li

705 3891 815 3946 NOTAE

245 4017 265 4042 ¹·
283 4009 400 4074 Griphus]
418 4009 532 4074 Griphus
545 4017 585 4060 est
602 4023 743 4060 sermore·
784 4007 851 4073 pute
870 4021 927 4072 que
947 4005 1064 4071 pertinet
1075 4003 1108 4058 td
1123 4015 1206 4053 morer
1217 4017 1233 4052 ι
1244 4003 1314 4054 iati-

215 4086 290 4136 eibos
300 4085 418 4136 obscuris
428 4087 469 4135 vet
478 4085 604 4150 ambiguis
614 4087 652 4136 its
661 4085 744 4151 impii·
784 4085 822 4135 nis
839 4084 935 4134 dicitur
952 4081 1067 4141 moralis,
1078 4079 1165 4131 ethica
1176 4096 1192 4131 a
1202 4081 1316 4138 Gradi.

215 4164 293 4224 citus,
304 4169 334 4212 nt
343 4161 471 4224 explicari
480 4161 522 4210 rix
535 4161 624 4225 possit.
784 4161 828 4228 qni
839 4175 924 4212 morer
937 4167 1031 4210 vacant
1041 4157 1071 4209 ri
1081 4158 1134 4220 ἤθη.

247 4245 262 4272 ·
276 4238 339 4288 Rrrr
358 4235 472 4299 duona]
494 4237 532 4288 Β
551 4251 612 4302 pars
633 4236 744 4302 philoso-
