3076 4866
250 397 293 466 58
634 406 756 458 INDEX
778 405 958 460 cesluim.

283 557 308 607 1.
325 549 521 604 Exhrlstotelis
528 549 653 616 libro,qui
663 550 716 616 sept
723 553 767 611 τῆς
781 549 872 614 urtone
881 552 1021 616 inscriptus
1031 557 1082 614 est,
1092 553 1199 617 coquite
1209 557 1330 618 eccepto·

252 648 302 700 qne
318 633 352 684 de
361 639 454 683 ustura
463 637 492 682 et
502 631 590 682 hehiln
601 634 748 683 memorius:
766 640 842 699 etque
853 631 916 684 lulhi
926 632 977 682 elie
988 632 1107 698 quuedem
1117 633 1149 684 de
1163 633 1332 684 exuberantis

251 721 296 766 sut
306 715 411 766 interitu
422 715 476 778 ejus
485 715 556 764 lecte
567 713 716 778 eruditeque.

280 799 306 845 8.
321 793 391 847 Quid
402 794 463 844 mihi
475 809 521 844 usu
530 793 631 844 venerit
641 793 809 858 interpreteri
820 793 927 860 etquusl
937 791 1060 859 effingere
1072 793 1169 845 solenti
1179 793 1248 844 locos
1258 806 1333 858 quos·

250 875 309 926 dsm
320 875 470 926 Platonicos
479 875 571 925 hstins
581 876 705 926 oretioue.

282 960 308 1006 o.
326 954 403 1009 Quod
419 955 609 1019 'l'neophrsstus
627 955 800 1018 philosophus,
818 953 930 1004 omnium
948 967 1001 1005 sne
1021 954 1108 1005 stetis
1126 952 1332 1020 iucundissimus,

249 1035 329 1088 serhs
346 1049 430 1101 psnce
449 1034 481 1084 sd
493 1035 615 1100 populum
626 1034 812 1086 Atheniensem
823 1033 949 1097 lecturus,
959 1033 1111 1085 deturbetus
1121 1036 1277 1086 verecundis
1286 1037 1332 1087 oh·

249 1117 363 1178 licuerit,
368 1114 487 1182 qnodque
497 1115 564 1165 idem
571 1115 618 1168 hoc
629 1115 796 1166 Demostheni
807 1115 874 1181 spnd
883 1115 1031 1182 Philippum
1040 1129 1126 1181 repens
1135 1115 1213 1168 verbu
1223 1114 1331 1167 inolesti

250 1196 376 1247 evenerit.

283 1279 323 1326 111.
338 1275 427 1328 Qnslls
444 1274 505 1324 mihi
520 1273 600 1325 inerit
617 1275 644 1325 in
662 1275 759 1340 oppido
776 1272 897 1326 Eleusine
913 1275 1070 1340 disceptatio
1081 1290 1139 1326 eum
1159 1275 1327 1340 gemmetico

249 1355 360 1422 quodum
377 1355 548 1420 prestlgloso,
562 1361 678 1420 tempore
693 1356 827 1407 rethorum
838 1363 866 1407 et
876 1356 1061 1407 meditamento
1072 1356 1179 1421 puerilis
1189 1357 1331 1420 ignorentur,

247 1443 404 1487 remoturum
417 1442 502 1486 entem
513 1436 681 1502 questionum
692 1437 799 1487 nehnlss
810 1443 839 1488 et
850 1435 998 1488 formidines
1009 1437 1143 1502 capiendis
1153 1437 1329 1502 imperitomm

250 1516 341 1566 enlmis
350 1521 506 1567 ostentante.

280 1599 321 1647 11.
338 1597 422 1649 Quum
432 1594 526 1646 festive
538 1594 700 1660 responderit
709 1595 867 1661 Xouthippss
878 1595 953 1646 nsorl
969 1596 1090 1647 Socrstes
1108 1595 1217 1660 petenti,
1233 1601 1264 1646 nt
1283 1609 1331 1661 pes

248 1675 374 1742 Dionysio
382 1676 495 1741 turpiore
506 1683 589 1726 sumtu
600 1677 761 1727 emnitsrcut.

281 1761 321 1806 lh.
338 1757 408 1809 Quid
418 1756 546 1821 significet
556 1755 583 1806 ln
595 1756 719 1808 Veterum
729 1756 801 1807 libris
810 1755 943 1822 scriptum,
953 1755 1086 1823 ‘plerique
1096 1769 1184 1807 omnes
1193 1755 1210 1807 ε’
1225 1762 1253 1807 et
1260 1755 1329 1822 qnod

248 1837 367 1888 esserhe
377 1835 773 1903 seceptssGrseeissidentnr.'

280 1921 322 1968 lt·
337 1917 524 1984 ‘Quopsones,’
542 1917 611 1984 quod
627 1917 741 1968 homines
760 1915 818 1968 Afri
829 1916 930 1981 dlonnt,
940 1930 991 1968 nou
1000 1930 1056 1967 esse
1068 1917 1173 1968 verbum
1185 1916 1329 1981 Punicum,

247 1998 292 2048 sed
309 1997 438 2050 Grucum.

280 2082 321 2130 ld.
340 2076 508 2143 Irepldlsslms
526 2077 663 2127 sltercstio
681 2076 800 2127 Furorini
811 2075 956 2142 philosophi
966 2076 1089 2127 adsersus
1100 2075 1227 2142 quendem
1236 2075 1330 2126 intem·

247 2159 376 2224 pertisum
385 2157 418 2208 de
428 2157 596 2222 emhlpnltete
608 2157 744 2209 verborum
757 2158 942 2208 disserentem:
959 2163 1037 2222 stqno
1047 2155 1111 2207 luihi
1120 2157 1200 2207 serhs
1210 2157 1330 2222 quedem

248 2255 281 2292 ex
293 2239 387 2291 Nerio
397 2238 474 2304 po'e'ts
483 2246 511 2288 et
522 2239 570 2290 Cu.
582 2238 668 2290 Gellio
678 2253 728 2289 nou
740 2241 836 2290 nsltste
848 2239 984 2303 collocate,
994 2245 1072 2305 utque
1082 2237 1176 2289 ihldem
1186 2251 1203 2287 u
1215 2238 1247 2289 Ρ.
1256 2238 1330 2304 Nigi-

251 2319 295 2370 dio
304 2320 417 2384 orlpines
427 2318 605 2370 roeehulornm
617 2318 768 2382 exploretur.

278 2402 318 2450 ld.
334 2398 434 2450 Quibus
445 2397 526 2448 modis
537 2396 718 2462 ignominiatus
729 2402 906 2462 trectetosqne
914 2397 948 2448 slt
957 2413 973 2448 u
981 2399 1012 2450 c.
1020 2397 1123 2448 (lusere
1135 2397 1260 2449 lutherius
1267 2397 1329 2462 poii·

247 2484 289 2529 te:
306 2483 384 2543 etque
395 2476 461 2527 inihi
471 2478 586 2542 sppositl
596 2491 685 2530 sersus
696 2491 774 2544 snper
784 2479 875 2529 eedem
886 2493 915 2528 re
925 2478 1040 2544 ejusdem
1050 2478 1162 2529 Lsheril.

583 2641 754 2693 domestenis
764 2657 825 2692 soso
833 2641 883 2692 ἧσο
890 2641 978 2692 lesus.

278 2772 302 2819 1.
316 2767 489 2821 Quamobrem
501 2769 534 2823 Q·
544 2768 665 2820 Clsudius
676 2767 861 2834 Ouedrigurins
872 2769 899 2819 ln
910 2767 1100 2820 undevicesimo
1118 2767 1203 2819 enneli
1218 2767 1328 2834 seripse-

245 2848 282 2899 rlt
301 2849 424 2900 rectiores
442 2849 617 2915 certioresque
635 2849 702 2902 lctus
717 2849 784 2913 fieri,
802 2851 935 2901 slsursusu
945 2849 1006 2916 quid
1017 2850 1116 2912 mittes,
1133 2863 1209 2914 quem
1220 2849 1242 2898 si
1253 2847 1328 2898 deor·

243 2941 310 2979 snm.

275 3012 300 3058 t.
317 3007 417 3060 inhus
428 3008 511 3059 reshis
522 3009 619 3060 noterit
627 3008 746 3060 Herodes
754 3008 858 3060 Atticus
867 3008 933 3060 fslso
941 3007 1086 3074 quesspism
1097 3007 1169 3059 cultu
1179 3006 1328 3074 smlctnque

244 3100 338 3139 nomeu
348 3087 512 3152 hshttnmqne
523 3088 667 3152 philosophi
676 3089 868 3139 ementiontem.

275 3171 300 3217 t.
317 3168 437 3232 Epistols
455 3167 571 3232 Philippi
589 3167 658 3232 regis
676 3167 710 3218 sd
725 3167 894 3220 Aristotelem
905 3167 1081 3233 philosophum
1091 3181 1170 3234 snper
1179 3164 1328 3218 Alexendro

244 3253 411 3298 moeusmto.

273 3332 300 3378 4.
317 3325 357 3375 De
368 3324 536 3378 herhsrurum
546 3326 661 3391 pontium
672 3325 825 3392 prodigiosis
834 3327 974 3392 miruculls,
983 3327 1067 3394 deque
1085 3328 1149 3380 diris
1166 3335 1194 3380 et
1212 3327 1326 3379 exitiosis

240 3405 469 3458 inclusionibus
486 3412 565 3472 sique
575 3407 637 3458 inihi
647 3407 680 3458 de
690 3406 800 3458 foeminis
811 3416 919 3472 repente
930 3409 1011 3459 versis
1021 3409 1047 3458 lu
1057 3423 1149 3460 mures.

272 3493 299 3538 d.
314 3486 563 3539 Disersreuohilinm
573 3488 780 3554 philosophorum
799 3489 935 3539 sententiae
954 3489 988 3538 de
1010 3503 1106 3553 genere
1123 3503 1154 3540 sc
1170 3495 1263 3541 neturs
1281 3503 1325 3540 so·

239 3567 368 3633 lnptstls:
388 3567 519 3634 seshsque
530 3568 660 3620 Hieroclis
670 3569 825 3636 philosophI,
842 3570 934 3636 quihus
944 3569 1052 3620 decretu
1062 3570 1167 3634 Epicuri
1183 3571 1326 3624 insectetur

239 3653 290 3699 esi.

272 3731 299 3778 11.
316 3725 517 3792 Verbum‚quod
529 3733 572 3780 est
582 3727 616 3779 eh
631 3727 711 3794 ‘spo'
725 3729 954 3796 frequeutstlsum,
971 3729 998 3780 in
1009 3729 1093 3796 prims
1103 3731 1202 3796 syllshs
1215 3744 1325 3799 quonum

240 3809 275 3860 slt
284 3807 386 3860 modulo
398 3807 623 3872 pronuntiandum.

269 3893 295 3939 1.
311 3889 352 3938 De
363 3887 531 3938 conversione
541 3885 660 3939 loliorum
669 3888 695 3939 Ιι
702 3889 794 3941 srhore
804 3891 869 3955 oles,
877 3889 987 3941 hrnnsli
995 3895 1022 3941 et
1031 3890 1162 3942 solstitisll
1170 3891 1228 3952 die3
1239 3889 1324 3957 deque

237 3968 331 4020 fidibus
342 3967 369 4018 id
382 3968 504 4033 temporis
516 3969 570 4020 ictu
580 3970 664 4020 sileno
675 3972 831 4025 sonentihns.

269 4052 296 4098 8.
314 4049 457 4100 Necessum
468 4063 535 4114 esse,
544 4051 589 4118 qnl
599 4051 681 4102 mults
690 4051 792 4112 moses,
803 4053 893 4106 multis
902 4053 1019 4118 indigere
1028 4065 1036 4101 s
1055 4051 1139 4118 deque
1156 4063 1188 4102 es
1201 4063 1231 4100 re
1242 4049 1323 4101 Fero-

239 4129 289 4180 rlni
300 4127 510 4194 philosophicum
521 4131 650 4184 bresitste
661 4133 775 4198 eleganti
785 4134 922 4188 metentis.
973 4189 980 4194 ,

275 4213 300 4260 9.
317 4207 382 4262 Quis
393 4208 484 4263 modus
494 4211 530 4263 sit
541 4211 619 4264 seshs
633 4213 751 4268 vertendi
762 4215 789 4268 in
800 4215 909 4268 Grecos
919 4213 1071 4277 sententies,
1080 4210 1165 4278 deque
1175 4210 1208 4262 iis
1219 4209 1326 4266 Homeri
