<?xml version="1.0" encoding="UTF-8"?>
<!DOCTYPE html PUBLIC "-//W3C//DTD XHTML 1.0 Transitional//EN"
    "http://www.w3.org/TR/xhtml1/DTD/xhtml1-transitional.dtd">
<html xmlns="http://www.w3.org/1999/xhtml" xml:lang="en" lang="en">
 <head>
  <title>
</title>
<meta http-equiv="Content-Type" content="text/html;charset=utf-8" />
  <meta name='ocr-system' content='tesseract 3.04.00' />
  <meta name='ocr-capabilities' content='ocr_page ocr_carea ocr_par ocr_line ocrx_word'/>
</head>
<body>
  <div class='ocr_page' id='page_1' title='image "auligelliinocte01gellgoog_0023.png"; bbox 0 0 3076 4866; ppageno 0'>
   <div class='ocr_carea' id='block_1_1' title="bbox 627 400 1281 464">
    <p class='ocr_par' dir='ltr' id='par_1_1' title="bbox 627 400 1281 464">
     <span class='ocr_line' id='line_1_1' title="bbox 627 400 1281 464; baseline 0.02 -13"><span class='ocrx_word' id='word_1_1' title='bbox 627 403 834 456; x_wconf 74' lang='lat' dir='ltr'><strong>usurario.</strong></span> <span class='ocrx_word' id='word_1_2' title='bbox 1239 400 1281 464; x_wconf 84' lang='grc'><strong>15</strong></span> 
     </span>
    </p>
   </div>
   <div class='ocr_carea' id='block_1_2' title="bbox 174 541 1323 4312">
    <p class='ocr_par' dir='ltr' id='par_1_2' title="bbox 176 541 1304 1732">
     <span class='ocr_line' id='line_1_2' title="bbox 178 541 1280 640; baseline 0.016 -35"><span class='ocrx_word' id='word_1_3' title='bbox 178 541 324 626; x_wconf 85' lang='lat' dir='ltr'><strong>protulit</strong></span> <span class='ocrx_word' id='word_1_4' title='bbox 335 542 675 630; x_wconf 77' lang='lat' dir='ltr'><strong>meliores‘quus&#39;dum</strong></span> <span class='ocrx_word' id='word_1_5' title='bbox 700 547 878 632; x_wconf 87' lang='lat' dir='ltr'><strong>lectiones;</strong></span> <span class='ocrx_word' id='word_1_6' title='bbox 912 552 1006 618; x_wconf 85' lang='lat' dir='ltr'><strong>dicas</strong></span> <span class='ocrx_word' id='word_1_7' title='bbox 1026 548 1226 640; x_wconf 82' lang='lat' dir='ltr'><strong>&#39;nequivisse</strong></span> <span class='ocrx_word' id='word_1_8' title='bbox 1240 559 1280 624; x_wconf 89' lang='lat' dir='ltr'><strong>il-</strong></span> 
     </span>
     <span class='ocr_line' id='line_1_3' title="bbox 177 645 1281 726; baseline 0.016 -18"><span class='ocrx_word' id='word_1_9' title='bbox 177 645 247 709; x_wconf 89' lang='lat' dir='ltr'><strong>lurn</strong></span> <span class='ocrx_word' id='word_1_10' title='bbox 263 648 392 712; x_wconf 84' lang='lat' dir='ltr'><strong>censeri</strong></span> <span class='ocrx_word' id='word_1_11' title='bbox 407 654 518 712; x_wconf 86' lang='lat' dir='ltr'><strong>tamen</strong></span> <span class='ocrx_word' id='word_1_12' title='bbox 544 651 710 714; x_wconf 85' lang='lat' dir='ltr'><strong>asseclam</strong></span> <span class='ocrx_word' id='word_1_13' title='bbox 734 653 885 718; x_wconf 82' lang='lat' dir='ltr'><strong>voluisse</strong></span> <span class='ocrx_word' id='word_1_14' title='bbox 908 673 985 720; x_wconf 85' lang='lat' dir='ltr'><strong>esse</strong></span> <span class='ocrx_word' id='word_1_15' title='bbox 1008 657 1187 726; x_wconf 75' lang='lat' dir='ltr'><strong>calumniae</strong></span> <span class='ocrx_word' id='word_1_16' title='bbox 1213 661 1281 726; x_wconf 87' lang='lat' dir='ltr'><strong>Fa·</strong></span> 
     </span>
     <span class='ocr_line' id='line_1_4' title="bbox 179 746 1280 845; baseline 0.018 -36"><span class='ocrx_word' id='word_1_17' title='bbox 179 747 346 812; x_wconf 79' lang='lat' dir='ltr'><strong>brettiuoe.</strong></span> <span class='ocrx_word' id='word_1_18' title='bbox 391 746 484 826; x_wconf 83' lang='lat' dir='ltr'><strong>Quid</strong></span> <span class='ocrx_word' id='word_1_19' title='bbox 497 753 602 833; x_wconf 83' lang='lat' dir='ltr'><strong>ergol</strong></span> <span class='ocrx_word' id='word_1_20' title='bbox 624 752 704 817; x_wconf 93' lang='lat' dir='ltr'><strong>Non</strong></span> <span class='ocrx_word' id='word_1_21' title='bbox 716 755 810 819; x_wconf 87' lang='lat' dir='ltr'><strong>aliud</strong></span> <span class='ocrx_word' id='word_1_22' title='bbox 827 757 907 820; x_wconf 93' lang='lat' dir='ltr'><strong>mihi</strong></span> <span class='ocrx_word' id='word_1_23' title='bbox 922 757 1093 842; x_wconf 82' lang='lat' dir='ltr'><strong>imaginor,</strong></span> <span class='ocrx_word' id='word_1_24' title='bbox 1109 781 1209 845; x_wconf 85' lang='lat' dir='ltr'><strong>qnam</strong></span> <span class='ocrx_word' id='word_1_25' title='bbox 1226 785 1280 830; x_wconf 88' lang='lat' dir='ltr'><strong>so-</strong></span> 
     </span>
     <span class='ocr_line' id='line_1_5' title="bbox 177 847 1280 932; baseline 0.019 -21"><span class='ocrx_word' id='word_1_26' title='bbox 177 847 349 914; x_wconf 87' lang='lat' dir='ltr'><strong>lummodo</strong></span> <span class='ocrx_word' id='word_1_27' title='bbox 361 851 396 912; x_wconf 91' lang='lat' dir='ltr'><strong>iu</strong></span> <span class='ocrx_word' id='word_1_28' title='bbox 419 850 546 916; x_wconf 88' lang='lat' dir='ltr'><strong>lectore</strong></span> <span class='ocrx_word' id='word_1_29' title='bbox 559 851 816 920; x_wconf 66' lang='lat' dir='ltr'><strong>admirationem</strong></span> <span class='ocrx_word' id='word_1_30' title='bbox 832 859 1003 926; x_wconf 85' lang='lat' dir='ltr'><strong>concitare</strong></span> <span class='ocrx_word' id='word_1_31' title='bbox 1018 863 1195 930; x_wconf 85' lang='lat' dir='ltr'><strong>voluisse:</strong></span> <span class='ocrx_word' id='word_1_32' title='bbox 1219 885 1280 932; x_wconf 89' lang='lat' dir='ltr'><strong>cur</strong></span> 
     </span>
     <span class='ocr_line' id='line_1_6' title="bbox 179 951 1280 1046; baseline 0.018 -33"><span class='ocrx_word' id='word_1_33' title='bbox 179 951 273 1014; x_wconf 87' lang='lat' dir='ltr'><strong>euim</strong></span> <span class='ocrx_word' id='word_1_34' title='bbox 283 971 352 1017; x_wconf 88' lang='lat' dir='ltr'><strong>non</strong></span> <span class='ocrx_word' id='word_1_35' title='bbox 367 953 495 1036; x_wconf 85' lang='lat' dir='ltr'><strong>ubique</strong></span> <span class='ocrx_word' id='word_1_36' title='bbox 509 955 587 1037; x_wconf 86' lang='lat' dir='ltr'><strong>ipse</strong></span> <span class='ocrx_word' id='word_1_37' title='bbox 601 955 695 1020; x_wconf 89' lang='lat' dir='ltr'><strong>illum</strong></span> <span class='ocrx_word' id='word_1_38' title='bbox 705 959 858 1024; x_wconf 84' lang='lat' dir='ltr'><strong>codicem</strong></span> <span class='ocrx_word' id='word_1_39' title='bbox 874 968 911 1026; x_wconf 95' lang='lat' dir='ltr'><strong>et</strong></span> <span class='ocrx_word' id='word_1_40' title='bbox 921 962 1077 1046; x_wconf 80' lang='lat' dir='ltr'><strong>inspexit</strong></span> <span class='ocrx_word' id='word_1_41' title='bbox 1091 971 1126 1029; x_wconf 91' lang='lat' dir='ltr'><strong>et</strong></span> <span class='ocrx_word' id='word_1_42' title='bbox 1137 969 1280 1033; x_wconf 89' lang='lat' dir='ltr'><strong>utunice</strong></span> 
     </span>
     <span class='ocr_line' id='line_1_7' title="bbox 178 1053 1304 1149; baseline 0.013 -33"><span class='ocrx_word' id='word_1_43' title='bbox 178 1053 409 1120; x_wconf 75' lang='lat' dir='ltr'><strong>admirabilem</strong></span> <span class='ocrx_word' id='word_1_44' title='bbox 435 1064 584 1122; x_wconf 74' lang='lat' dir='ltr'><strong>metatus</strong></span> <span class='ocrx_word' id='word_1_45' title='bbox 604 1055 695 1126; x_wconf 83' lang='lat' dir='ltr'><strong>suitt</strong></span> <span class='ocrx_word' id='word_1_46' title='bbox 728 1061 873 1128; x_wconf 82' lang='lat' dir='ltr'><strong>Prorsus</strong></span> <span class='ocrx_word' id='word_1_47' title='bbox 899 1066 987 1129; x_wconf 90' lang='lat' dir='ltr'><strong>enim</strong></span> <span class='ocrx_word' id='word_1_48' title='bbox 1012 1066 1070 1130; x_wconf 92' lang='lat' dir='ltr'><strong>ille</strong></span> <span class='ocrx_word' id='word_1_49' title='bbox 1092 1069 1201 1133; x_wconf 86' lang='lat' dir='ltr'><strong>codex</strong></span> <span class='ocrx_word' id='word_1_50' title='bbox 1216 1078 1279 1149; x_wconf 85' lang='lat' dir='ltr'><strong>est,</strong></span> <span class='ocrx_word' id='word_1_51' title='bbox 1301 1121 1304 1131; x_wconf 79' lang='grc'>,</span> 
     </span>
     <span class='ocr_line' id='line_1_8' title="bbox 177 1155 1279 1249; baseline 0.015 -28"><span class='ocrx_word' id='word_1_52' title='bbox 177 1159 237 1221; x_wconf 88' lang='lat' dir='ltr'><strong>cui</strong></span> <span class='ocrx_word' id='word_1_53' title='bbox 251 1155 345 1221; x_wconf 90' lang='lat' dir='ltr'><strong>nulla</strong></span> <span class='ocrx_word' id='word_1_54' title='bbox 359 1164 474 1241; x_wconf 82' lang='lat' dir='ltr'><strong>potest</strong></span> <span class='ocrx_word' id='word_1_55' title='bbox 490 1161 617 1225; x_wconf 86' lang='lat' dir='ltr'><strong>moveri</strong></span> <span class='ocrx_word' id='word_1_56' title='bbox 632 1161 675 1226; x_wconf 88' lang='lat' dir='ltr'><strong>lis</strong></span> <span class='ocrx_word' id='word_1_57' title='bbox 691 1165 744 1228; x_wconf 86' lang='lat' dir='ltr'><strong>vel</strong></span> <span class='ocrx_word' id='word_1_58' title='bbox 760 1165 935 1249; x_wconf 86' lang='lat' dir='ltr'><strong>suspicio;</strong></span> <span class='ocrx_word' id='word_1_59' title='bbox 959 1167 1016 1232; x_wconf 93' lang='lat' dir='ltr'><strong>cui</strong></span> <span class='ocrx_word' id='word_1_60' title='bbox 1030 1169 1124 1234; x_wconf 85' lang='lat' dir='ltr'><strong>nullu</strong></span> <span class='ocrx_word' id='word_1_61' title='bbox 1142 1169 1279 1238; x_wconf 85' lang='lat' dir='ltr'><strong>alterius</strong></span> 
     </span>
     <span class='ocr_line' id='line_1_9' title="bbox 178 1257 1278 1358; baseline 0.017 -37"><span class='ocrx_word' id='word_1_62' title='bbox 178 1257 387 1343; x_wconf 80' lang='lat' dir='ltr'><strong>exemplaris</strong></span> <span class='ocrx_word' id='word_1_63' title='bbox 403 1260 496 1343; x_wconf 88' lang='lat' dir='ltr'><strong>quod</strong></span> <span class='ocrx_word' id='word_1_64' title='bbox 511 1263 644 1348; x_wconf 81' lang='lat' dir='ltr'><strong>publice</strong></span> <span class='ocrx_word' id='word_1_65' title='bbox 659 1265 838 1330; x_wconf 84' lang='lat' dir='ltr'><strong>etiamnum</strong></span> <span class='ocrx_word' id='word_1_66' title='bbox 864 1269 1024 1348; x_wconf 91' lang='lat' dir='ltr'><strong>innotuit,</strong></span> <span class='ocrx_word' id='word_1_67' title='bbox 1038 1278 1192 1339; x_wconf 86' lang='lat' dir='ltr'><strong>vetustas</strong></span> <span class='ocrx_word' id='word_1_68' title='bbox 1217 1295 1278 1358; x_wconf 94' lang='lat' dir='ltr'><strong>po·</strong></span> 
     </span>
     <span class='ocr_line' id='line_1_10' title="bbox 178 1362 1279 1448; baseline 0.018 -25"><span class='ocrx_word' id='word_1_69' title='bbox 178 1366 249 1424; x_wconf 82' lang='lat' dir='ltr'><strong>test</strong></span> <span class='ocrx_word' id='word_1_70' title='bbox 260 1362 488 1444; x_wconf 61' lang='lat' dir='ltr'><strong>aequiparem</strong></span> <span class='ocrx_word' id='word_1_71' title='bbox 512 1364 610 1448; x_wconf 78' lang='lat' dir='ltr'><strong>mjus</strong></span> <span class='ocrx_word' id='word_1_72' title='bbox 623 1366 692 1430; x_wconf 85' lang='lat' dir='ltr'><strong>istu</strong></span> <span class='ocrx_word' id='word_1_73' title='bbox 705 1367 790 1432; x_wconf 85' lang='lat' dir='ltr'><strong>fides</strong></span> <span class='ocrx_word' id='word_1_74' title='bbox 805 1375 839 1434; x_wconf 91' lang='lat' dir='ltr'><strong>et</strong></span> <span class='ocrx_word' id='word_1_75' title='bbox 853 1371 961 1436; x_wconf 85' lang='lat' dir='ltr'><strong>tutela</strong></span> <span class='ocrx_word' id='word_1_76' title='bbox 982 1375 1016 1437; x_wconf 93' lang='lat' dir='ltr'><strong>iu</strong></span> <span class='ocrx_word' id='word_1_77' title='bbox 1037 1372 1170 1440; x_wconf 78' lang='lat' dir='ltr'><strong>Graecis</strong></span> <span class='ocrx_word' id='word_1_78' title='bbox 1186 1376 1279 1443; x_wconf 59' lang='lat' dir='ltr'><strong>luati-</strong></span> 
     </span>
     <span class='ocr_line' id='line_1_11' title="bbox 176 1462 1279 1548; baseline 0.019 -23"><span class='ocrx_word' id='word_1_79' title='bbox 176 1462 310 1546; x_wconf 82' lang='lat' dir='ltr'><strong>nisque,</strong></span> <span class='ocrx_word' id='word_1_80' title='bbox 322 1472 426 1546; x_wconf 85' lang='lat' dir='ltr'><strong>prout</strong></span> <span class='ocrx_word' id='word_1_81' title='bbox 446 1465 492 1532; x_wconf 82' lang='lat' dir='ltr'><strong>au</strong></span> <span class='ocrx_word' id='word_1_82' title='bbox 515 1464 629 1531; x_wconf 85' lang='lat' dir='ltr'><strong>Gellio</strong></span> <span class='ocrx_word' id='word_1_83' title='bbox 654 1476 824 1548; x_wconf 79' lang='lat' dir='ltr'><strong>uerierunt,</strong></span> <span class='ocrx_word' id='word_1_84' title='bbox 845 1475 1076 1541; x_wconf 75' lang='lat' dir='ltr'><strong>custodiendis</strong></span> <span class='ocrx_word' id='word_1_85' title='bbox 1096 1483 1279 1546; x_wconf 86' lang='lat' dir='ltr'><strong>veneratio·</strong></span> 
     </span>
     <span class='ocr_line' id='line_1_12' title="bbox 177 1568 1278 1658; baseline 0.02 -31"><span class='ocrx_word' id='word_1_86' title='bbox 177 1584 256 1628; x_wconf 88' lang='lat' dir='ltr'><strong>nem</strong></span> <span class='ocrx_word' id='word_1_87' title='bbox 271 1573 413 1632; x_wconf 88' lang='lat' dir='ltr'><strong>meretur</strong></span> <span class='ocrx_word' id='word_1_88' title='bbox 435 1568 643 1650; x_wconf 86' lang='lat' dir='ltr'><strong>palmariam.</strong></span> <span class='ocrx_word' id='word_1_89' title='bbox 687 1569 757 1635; x_wconf 88' lang='lat' dir='ltr'><strong>Sed</strong></span> <span class='ocrx_word' id='word_1_90' title='bbox 782 1579 816 1637; x_wconf 85' lang='lat' dir='ltr'><strong>et</strong></span> <span class='ocrx_word' id='word_1_91' title='bbox 829 1571 893 1640; x_wconf 91' lang='lat' dir='ltr'><strong>hoc</strong></span> <span class='ocrx_word' id='word_1_92' title='bbox 915 1577 1082 1658; x_wconf 81' lang='lat' dir='ltr'><strong>patienter</strong></span> <span class='ocrx_word' id='word_1_93' title='bbox 1104 1580 1278 1648; x_wconf 81' lang='lat' dir='ltr'><strong>serendum</strong></span> 
     </span>
     <span class='ocr_line' id='line_1_13' title="bbox 176 1665 889 1732; baseline 0.013 -3"><span class='ocrx_word' id='word_1_94' title='bbox 176 1665 213 1731; x_wconf 86' lang='lat' dir='ltr'><strong>iu</strong></span> <span class='ocrx_word' id='word_1_95' title='bbox 227 1667 305 1732; x_wconf 83' lang='lat' dir='ltr'><strong>isto.</strong></span> <span class='ocrx_word' id='word_1_96' title='bbox 711 1667 716 1674; x_wconf 71' lang='grc'><strong><em>’</em></strong></span> <span class='ocrx_word' id='word_1_97' title='bbox 886 1671 889 1678; x_wconf 74' lang='grc'><strong>’</strong></span> 
     </span>
    </p>

    <p class='ocr_par' dir='ltr' id='par_1_3' title="bbox 174 1767 1323 4312">
     <span class='ocr_line' id='line_1_14' title="bbox 222 1767 1279 1862; baseline 0.014 -27"><span class='ocrx_word' id='word_1_98' title='bbox 222 1767 280 1835; x_wconf 87' lang='lat' dir='ltr'><strong>De</strong></span> <span class='ocrx_word' id='word_1_99' title='bbox 293 1773 378 1836; x_wconf 79' lang='lat' dir='ltr'><strong>uiuis</strong></span> <span class='ocrx_word' id='word_1_100' title='bbox 392 1789 460 1838; x_wconf 86' lang='lat' dir='ltr'><strong>non</strong></span> <span class='ocrx_word' id='word_1_101' title='bbox 482 1772 641 1856; x_wconf 87' lang='lat' dir='ltr'><strong>estquod</strong></span> <span class='ocrx_word' id='word_1_102' title='bbox 656 1773 779 1854; x_wconf 87' lang='lat' dir='ltr'><strong>dicam,</strong></span> <span class='ocrx_word' id='word_1_103' title='bbox 794 1795 873 1841; x_wconf 91' lang='lat' dir='ltr'><strong>cum</strong></span> <span class='ocrx_word' id='word_1_104' title='bbox 894 1779 970 1862; x_wconf 85' lang='lat' dir='ltr'><strong>ipsa</strong></span> <span class='ocrx_word' id='word_1_105' title='bbox 985 1797 1023 1843; x_wconf 85' lang='lat' dir='ltr'><strong>se</strong></span> <span class='ocrx_word' id='word_1_106' title='bbox 1038 1780 1108 1846; x_wconf 86' lang='lat' dir='ltr'><strong>sint</strong></span> <span class='ocrx_word' id='word_1_107' title='bbox 1122 1782 1279 1850; x_wconf 85' lang='lat' dir='ltr'><strong>oblatura</strong></span> 
     </span>
     <span class='ocr_line' id='line_1_15' title="bbox 178 1874 1278 1960; baseline 0.015 -24"><span class='ocrx_word' id='word_1_108' title='bbox 178 1874 344 1958; x_wconf 82' lang='lat' dir='ltr'><strong>cujusque</strong></span> <span class='ocrx_word' id='word_1_109' title='bbox 374 1877 523 1940; x_wconf 82' lang='lat' dir='ltr'><strong>arbitrio.</strong></span> <span class='ocrx_word' id='word_1_110' title='bbox 569 1875 765 1960; x_wconf 83' lang='lat' dir='ltr'><strong>inquibus</strong></span> <span class='ocrx_word' id='word_1_111' title='bbox 795 1877 1042 1946; x_wconf 81' lang='lat' dir='ltr'><strong>animaduertes</strong></span> <span class='ocrx_word' id='word_1_112' title='bbox 1072 1883 1208 1950; x_wconf 83' lang='lat' dir='ltr'><strong>codices</strong></span> <span class='ocrx_word' id='word_1_113' title='bbox 1233 1888 1278 1952; x_wconf 87' lang='lat' dir='ltr'><strong>ab</strong></span> 
     </span>
     <span class='ocr_line' id='line_1_16' title="bbox 177 1973 1278 2070; baseline 0.013 -30"><span class='ocrx_word' id='word_1_114' title='bbox 177 1973 282 2040; x_wconf 81' lang='lat' dir='ltr'><strong>Patre</strong></span> <span class='ocrx_word' id='word_1_115' title='bbox 297 1976 409 2042; x_wconf 87' lang='lat' dir='ltr'><strong>editos</strong></span> <span class='ocrx_word' id='word_1_116' title='bbox 419 1976 622 2056; x_wconf 80' lang='lat' dir='ltr'><strong>Vossianus,</strong></span> <span class='ocrx_word' id='word_1_117' title='bbox 632 1997 772 2062; x_wconf 83' lang='lat' dir='ltr'><strong>quorum</strong></span> <span class='ocrx_word' id='word_1_118' title='bbox 786 1979 871 2048; x_wconf 87' lang='lat' dir='ltr'><strong>alter</strong></span> <span class='ocrx_word' id='word_1_119' title='bbox 883 1983 987 2047; x_wconf 86' lang='lat' dir='ltr'><strong>etiam</strong></span> <span class='ocrx_word' id='word_1_120' title='bbox 996 1985 1040 2049; x_wconf 90' lang='lat' dir='ltr'><strong>ab</strong></span> <span class='ocrx_word' id='word_1_121' title='bbox 1052 1983 1180 2070; x_wconf 78' lang='lat' dir='ltr'><strong>Thyuio</strong></span> <span class='ocrx_word' id='word_1_122' title='bbox 1195 1987 1278 2055; x_wconf 89' lang='lat' dir='ltr'><strong>olim</strong></span> 
     </span>
     <span class='ocr_line' id='line_1_17' title="bbox 177 2077 1280 2167; baseline 0.015 -26"><span class='ocrx_word' id='word_1_123' title='bbox 177 2079 356 2161; x_wconf 85' lang='lat' dir='ltr'><strong>inspectus</strong></span> <span class='ocrx_word' id='word_1_124' title='bbox 370 2078 444 2158; x_wconf 84' lang='lat' dir='ltr'><strong>luit,</strong></span> <span class='ocrx_word' id='word_1_125' title='bbox 464 2085 501 2144; x_wconf 91' lang='lat' dir='ltr'><strong>ut</strong></span> <span class='ocrx_word' id='word_1_126' title='bbox 523 2081 605 2145; x_wconf 89' lang='lat' dir='ltr'><strong>nihil</strong></span> <span class='ocrx_word' id='word_1_127' title='bbox 628 2077 710 2145; x_wconf 90' lang='lat' dir='ltr'><strong>boni</strong></span> <span class='ocrx_word' id='word_1_128' title='bbox 731 2081 807 2146; x_wconf 87' lang='lat' dir='ltr'><strong>iude</strong></span> <span class='ocrx_word' id='word_1_129' title='bbox 831 2083 1040 2167; x_wconf 63' lang='lat' dir='ltr'><strong>proferretur</strong></span> <span class='ocrx_word' id='word_1_130' title='bbox 1059 2105 1112 2151; x_wconf 90' lang='lat' dir='ltr'><strong>me</strong></span> <span class='ocrx_word' id='word_1_131' title='bbox 1124 2089 1226 2153; x_wconf 86' lang='lat' dir='ltr'><strong>etium</strong></span> <span class='ocrx_word' id='word_1_132' title='bbox 1240 2099 1280 2157; x_wconf 89' lang='lat' dir='ltr'><strong>nt</strong></span> 
     </span>
     <span class='ocr_line' id='line_1_18' title="bbox 177 2179 1277 2275; baseline 0.013 -31"><span class='ocrx_word' id='word_1_133' title='bbox 177 2179 339 2263; x_wconf 87' lang='lat' dir='ltr'><strong>oportult,</strong></span> <span class='ocrx_word' id='word_1_134' title='bbox 369 2201 436 2247; x_wconf 93' lang='lat' dir='ltr'><strong>uon</strong></span> <span class='ocrx_word' id='word_1_135' title='bbox 464 2183 522 2261; x_wconf 86' lang='lat' dir='ltr'><strong>ita,</strong></span> <span class='ocrx_word' id='word_1_136' title='bbox 546 2183 606 2247; x_wconf 89' lang='lat' dir='ltr'><strong>sed</strong></span> <span class='ocrx_word' id='word_1_137' title='bbox 636 2183 877 2266; x_wconf 81' lang='lat' dir='ltr'><strong>Lugdunenses</strong></span> <span class='ocrx_word' id='word_1_138' title='bbox 910 2189 1087 2272; x_wconf 87' lang='lat' dir='ltr'><strong>appellari,</strong></span> <span class='ocrx_word' id='word_1_139' title='bbox 1117 2193 1277 2275; x_wconf 89' lang='lat' dir='ltr'><strong>quonlam</strong></span> 
     </span>
     <span class='ocr_line' id='line_1_19' title="bbox 176 2275 1278 2369; baseline 0.014 -25"><span class='ocrx_word' id='word_1_140' title='bbox 176 2282 270 2364; x_wconf 86' lang='lat' dir='ltr'><strong>prius</strong></span> <span class='ocrx_word' id='word_1_141' title='bbox 295 2275 417 2349; x_wconf 89' lang='lat' dir='ltr'><strong>nomeu</strong></span> <span class='ocrx_word' id='word_1_142' title='bbox 439 2303 481 2349; x_wconf 87' lang='lat' dir='ltr'><strong>ea</strong></span> <span class='ocrx_word' id='word_1_143' title='bbox 503 2285 612 2350; x_wconf 85' lang='lat' dir='ltr'><strong>tutela</strong></span> <span class='ocrx_word' id='word_1_144' title='bbox 632 2293 667 2351; x_wconf 90' lang='lat' dir='ltr'><strong>et</strong></span> <span class='ocrx_word' id='word_1_145' title='bbox 681 2286 789 2369; x_wconf 84' lang='lat' dir='ltr'><strong>gloria</strong></span> <span class='ocrx_word' id='word_1_146' title='bbox 811 2305 849 2350; x_wconf 85' lang='lat' dir='ltr'><strong>se</strong></span> <span class='ocrx_word' id='word_1_147' title='bbox 864 2291 973 2368; x_wconf 85' lang='lat' dir='ltr'><strong>exuit,</strong></span> <span class='ocrx_word' id='word_1_148' title='bbox 994 2296 1026 2355; x_wconf 89' lang='lat' dir='ltr'><strong>et</strong></span> <span class='ocrx_word' id='word_1_149' title='bbox 1040 2291 1229 2358; x_wconf 88' lang='lat' dir='ltr'><strong>venditione</strong></span> <span class='ocrx_word' id='word_1_150' title='bbox 1244 2295 1278 2358; x_wconf 89' lang='lat' dir='ltr'><strong>iu</strong></span> 
     </span>
     <span class='ocr_line' id='line_1_20' title="bbox 177 2385 1278 2480; baseline 0.01 -30"><span class='ocrx_word' id='word_1_151' title='bbox 177 2385 400 2450; x_wconf 76' lang='lat' dir='ltr'><strong>Academiam</strong></span> <span class='ocrx_word' id='word_1_152' title='bbox 423 2387 509 2452; x_wconf 88' lang='lat' dir='ltr'><strong>hano</strong></span> <span class='ocrx_word' id='word_1_153' title='bbox 531 2389 755 2473; x_wconf 81' lang='lat' dir='ltr'><strong>transcripsit.</strong></span> <span class='ocrx_word' id='word_1_154' title='bbox 799 2388 889 2469; x_wconf 81' lang='lat' dir='ltr'><strong>Quae</strong></span> <span class='ocrx_word' id='word_1_155' title='bbox 913 2391 1172 2480; x_wconf 85' lang='lat' dir='ltr'><strong>qualiacumque</strong></span> <span class='ocrx_word' id='word_1_156' title='bbox 1185 2395 1278 2461; x_wconf 85' lang='lat' dir='ltr'><strong>vide-</strong></span> 
     </span>
     <span class='ocr_line' id='line_1_21' title="bbox 175 2489 1278 2578; baseline 0.01 -26"><span class='ocrx_word' id='word_1_157' title='bbox 175 2489 309 2568; x_wconf 85' lang='lat' dir='ltr'><strong>buntur,</strong></span> <span class='ocrx_word' id='word_1_158' title='bbox 322 2489 541 2555; x_wconf 87' lang='lat' dir='ltr'><strong>declarabunt</strong></span> <span class='ocrx_word' id='word_1_159' title='bbox 555 2492 674 2574; x_wconf 88' lang='lat' dir='ltr'><strong>utique</strong></span> <span class='ocrx_word' id='word_1_160' title='bbox 688 2490 896 2556; x_wconf 87' lang='lat' dir='ltr'><strong>voluntatem</strong></span> <span class='ocrx_word' id='word_1_161' title='bbox 911 2511 1019 2557; x_wconf 89' lang='lat' dir='ltr'><strong>meam</strong></span> <span class='ocrx_word' id='word_1_162' title='bbox 1034 2513 1112 2578; x_wconf 84' lang='lat' dir='ltr'><strong>erga</strong></span> <span class='ocrx_word' id='word_1_163' title='bbox 1125 2495 1278 2564; x_wconf 84' lang='lat' dir='ltr'><strong>Gellium</strong></span> 
     </span>
     <span class='ocr_line' id='line_1_22' title="bbox 176 2591 1279 2679; baseline 0.011 -26"><span class='ocrx_word' id='word_1_164' title='bbox 176 2597 213 2654; x_wconf 91' lang='lat' dir='ltr'><strong>et</strong></span> <span class='ocrx_word' id='word_1_165' title='bbox 228 2591 427 2679; x_wconf 82' lang='lat' dir='ltr'><strong>industriam</strong></span> <span class='ocrx_word' id='word_1_166' title='bbox 442 2593 545 2658; x_wconf 84' lang='lat' dir='ltr'><strong>variis</strong></span> <span class='ocrx_word' id='word_1_167' title='bbox 566 2594 661 2658; x_wconf 88' lang='lat' dir='ltr'><strong>annis</strong></span> <span class='ocrx_word' id='word_1_168' title='bbox 684 2593 734 2658; x_wconf 89' lang='lat' dir='ltr'><strong>illi</strong></span> <span class='ocrx_word' id='word_1_169' title='bbox 749 2593 946 2676; x_wconf 87' lang='lat' dir='ltr'><strong>impensam,</strong></span> <span class='ocrx_word' id='word_1_170' title='bbox 961 2595 1059 2679; x_wconf 88' lang='lat' dir='ltr'><strong>cujus</strong></span> <span class='ocrx_word' id='word_1_171' title='bbox 1083 2615 1169 2662; x_wconf 91' lang='lat' dir='ltr'><strong>nuuc</strong></span> <span class='ocrx_word' id='word_1_172' title='bbox 1195 2599 1279 2664; x_wconf 89' lang='lat' dir='ltr'><strong>diffi-</strong></span> 
     </span>
     <span class='ocr_line' id='line_1_23' title="bbox 176 2693 1277 2779; baseline 0.009 -23"><span class='ocrx_word' id='word_1_173' title='bbox 176 2693 305 2758; x_wconf 87' lang='lat' dir='ltr'><strong>cillima</strong></span> <span class='ocrx_word' id='word_1_174' title='bbox 319 2695 472 2777; x_wconf 85' lang='lat' dir='ltr'><strong>quaedam</strong></span> <span class='ocrx_word' id='word_1_175' title='bbox 488 2695 564 2760; x_wconf 86' lang='lat' dir='ltr'><strong>loca</strong></span> <span class='ocrx_word' id='word_1_176' title='bbox 578 2701 611 2760; x_wconf 89' lang='lat' dir='ltr'><strong>et</strong></span> <span class='ocrx_word' id='word_1_177' title='bbox 627 2697 670 2760; x_wconf 85' lang='lat' dir='ltr'><strong>ab</strong></span> <span class='ocrx_word' id='word_1_178' title='bbox 686 2695 764 2760; x_wconf 86' lang='lat' dir='ltr'><strong>aliis</strong></span> <span class='ocrx_word' id='word_1_179' title='bbox 780 2696 970 2779; x_wconf 88' lang='lat' dir='ltr'><strong>desperata,</strong></span> <span class='ocrx_word' id='word_1_180' title='bbox 997 2697 1084 2762; x_wconf 89' lang='lat' dir='ltr'><strong>unde</strong></span> <span class='ocrx_word' id='word_1_181' title='bbox 1099 2705 1210 2764; x_wconf 90' lang='lat' dir='ltr'><strong>tamen</strong></span> <span class='ocrx_word' id='word_1_182' title='bbox 1225 2703 1277 2766; x_wconf 82' lang='lat' dir='ltr'><strong>vel</strong></span> 
     </span>
     <span class='ocr_line' id='line_1_24' title="bbox 175 2797 1278 2884; baseline 0.006 -24"><span class='ocrx_word' id='word_1_183' title='bbox 175 2797 325 2861; x_wconf 84' lang='lat' dir='ltr'><strong>maxime</strong></span> <span class='ocrx_word' id='word_1_184' title='bbox 340 2797 664 2877; x_wconf 88' lang='lat' dir='ltr'><strong>incommodabatur,</strong></span> <span class='ocrx_word' id='word_1_185' title='bbox 681 2819 747 2862; x_wconf 92' lang='lat' dir='ltr'><strong>non</strong></span> <span class='ocrx_word' id='word_1_186' title='bbox 762 2799 986 2864; x_wconf 85' lang='lat' dir='ltr'><strong>deterruerunt</strong></span> <span class='ocrx_word' id='word_1_187' title='bbox 1000 2821 1065 2877; x_wconf 89' lang='lat' dir='ltr'><strong>me,</strong></span> <span class='ocrx_word' id='word_1_188' title='bbox 1081 2803 1161 2884; x_wconf 89' lang='lat' dir='ltr'><strong>quin</strong></span> <span class='ocrx_word' id='word_1_189' title='bbox 1177 2821 1278 2868; x_wconf 80' lang='lat' dir='ltr'><strong>cona-</strong></span> 
     </span>
     <span class='ocr_line' id='line_1_25' title="bbox 175 2899 1278 2986; baseline 0.006 -23"><span class='ocrx_word' id='word_1_190' title='bbox 175 2917 228 2963; x_wconf 86' lang='lat' dir='ltr'><strong>rer</strong></span> <span class='ocrx_word' id='word_1_191' title='bbox 241 2905 342 2982; x_wconf 91' lang='lat' dir='ltr'><strong>prout</strong></span> <span class='ocrx_word' id='word_1_192' title='bbox 360 2899 436 2983; x_wconf 87' lang='lat' dir='ltr'><strong>ipse</strong></span> <span class='ocrx_word' id='word_1_193' title='bbox 458 2901 641 2982; x_wconf 85' lang='lat' dir='ltr'><strong>speculari,</strong></span> <span class='ocrx_word' id='word_1_194' title='bbox 664 2903 714 2966; x_wconf 91' lang='lat' dir='ltr'><strong>sic</strong></span> <span class='ocrx_word' id='word_1_195' title='bbox 733 2902 796 2965; x_wconf 87' lang='lat' dir='ltr'><strong>tibi</strong></span> <span class='ocrx_word' id='word_1_196' title='bbox 819 2902 1088 2986; x_wconf 84' lang='lat' dir='ltr'><strong>conspiciendam</strong></span> <span class='ocrx_word' id='word_1_197' title='bbox 1112 2904 1193 2968; x_wconf 88' lang='lat' dir='ltr'><strong>dare</strong></span> <span class='ocrx_word' id='word_1_198' title='bbox 1208 2925 1278 2970; x_wconf 87' lang='lat' dir='ltr'><strong>ma·</strong></span> 
     </span>
     <span class='ocr_line' id='line_1_26' title="bbox 175 2999 1279 3079; baseline 0.007 -16"><span class='ocrx_word' id='word_1_199' title='bbox 175 2999 388 3068; x_wconf 83' lang='lat' dir='ltr'><strong>numGellii.</strong></span> <span class='ocrx_word' id='word_1_200' title='bbox 432 3001 575 3066; x_wconf 85' lang='lat' dir='ltr'><strong>Falleris</strong></span> <span class='ocrx_word' id='word_1_201' title='bbox 598 3004 685 3068; x_wconf 87' lang='lat' dir='ltr'><strong>enim</strong></span> <span class='ocrx_word' id='word_1_202' title='bbox 710 3003 932 3079; x_wconf 87' lang='lat' dir='ltr'><strong>vehementer,</strong></span> <span class='ocrx_word' id='word_1_203' title='bbox 947 3004 1012 3067; x_wconf 88' lang='lat' dir='ltr'><strong>nisi</strong></span> <span class='ocrx_word' id='word_1_204' title='bbox 1036 3003 1085 3068; x_wconf 87' lang='lat' dir='ltr'><strong>ita</strong></span> <span class='ocrx_word' id='word_1_205' title='bbox 1100 3011 1231 3069; x_wconf 85' lang='lat' dir='ltr'><strong>statuas</strong></span> <span class='ocrx_word' id='word_1_206' title='bbox 1245 3013 1279 3071; x_wconf 91' lang='lat' dir='ltr'><strong>et</strong></span> 
     </span>
     <span class='ocr_line' id='line_1_27' title="bbox 176 3101 1278 3187; baseline 0.006 -22"><span class='ocrx_word' id='word_1_207' title='bbox 176 3101 325 3166; x_wconf 86' lang='lat' dir='ltr'><strong>animum</strong></span> <span class='ocrx_word' id='word_1_208' title='bbox 339 3101 483 3167; x_wconf 89' lang='lat' dir='ltr'><strong>inducas</strong></span> <span class='ocrx_word' id='word_1_209' title='bbox 498 3103 581 3166; x_wconf 91' lang='lat' dir='ltr'><strong>nihil</strong></span> <span class='ocrx_word' id='word_1_210' title='bbox 595 3122 696 3186; x_wconf 86' lang='lat' dir='ltr'><strong>posse</strong></span> <span class='ocrx_word' id='word_1_211' title='bbox 721 3123 797 3167; x_wconf 89' lang='lat' dir='ltr'><strong>eum</strong></span> <span class='ocrx_word' id='word_1_212' title='bbox 823 3104 885 3168; x_wconf 90' lang='lat' dir='ltr'><strong>tibi</strong></span> <span class='ocrx_word' id='word_1_213' title='bbox 909 3103 1082 3187; x_wconf 85' lang='lat' dir='ltr'><strong>prodesse,</strong></span> <span class='ocrx_word' id='word_1_214' title='bbox 1098 3106 1200 3170; x_wconf 89' lang='lat' dir='ltr'><strong>immo</strong></span> <span class='ocrx_word' id='word_1_215' title='bbox 1224 3107 1278 3172; x_wconf 82' lang='lat' dir='ltr'><strong>vel</strong></span> 
     </span>
     <span class='ocr_line' id='line_1_28' title="bbox 176 3204 1278 3294; baseline 0.007 -26"><span class='ocrx_word' id='word_1_216' title='bbox 176 3205 327 3268; x_wconf 80' lang='lat' dir='ltr'><strong>maxime</strong></span> <span class='ocrx_word' id='word_1_217' title='bbox 342 3205 476 3282; x_wconf 86' lang='lat' dir='ltr'><strong>obesse,</strong></span> <span class='ocrx_word' id='word_1_218' title='bbox 500 3207 530 3270; x_wconf 92' lang='lat' dir='ltr'><strong>si</strong></span> <span class='ocrx_word' id='word_1_219' title='bbox 554 3204 695 3270; x_wconf 87' lang='lat' dir='ltr'><strong>aliorum</strong></span> <span class='ocrx_word' id='word_1_220' title='bbox 721 3207 921 3272; x_wconf 83' lang='lat' dir='ltr'><strong>infestiuiter</strong></span> <span class='ocrx_word' id='word_1_221' title='bbox 942 3207 1149 3273; x_wconf 85' lang='lat' dir='ltr'><strong>illudentium</strong></span> <span class='ocrx_word' id='word_1_222' title='bbox 1164 3211 1278 3294; x_wconf 84' lang='lat' dir='ltr'><strong>spuria</strong></span> 
     </span>
     <span class='ocr_line' id='line_1_29' title="bbox 176 3307 1278 3393; baseline 0.005 -21"><span class='ocrx_word' id='word_1_223' title='bbox 176 3313 212 3372; x_wconf 90' lang='lat' dir='ltr'><strong>et</strong></span> <span class='ocrx_word' id='word_1_224' title='bbox 224 3325 350 3389; x_wconf 81' lang='lat' dir='ltr'><strong>spurca</strong></span> <span class='ocrx_word' id='word_1_225' title='bbox 364 3327 425 3390; x_wconf 94' lang='lat' dir='ltr'><strong>pro</strong></span> <span class='ocrx_word' id='word_1_226' title='bbox 440 3307 583 3372; x_wconf 88' lang='lat' dir='ltr'><strong>hominis</strong></span> <span class='ocrx_word' id='word_1_227' title='bbox 600 3308 761 3387; x_wconf 87' lang='lat' dir='ltr'><strong>Romani,</strong></span> <span class='ocrx_word' id='word_1_228' title='bbox 779 3310 836 3393; x_wconf 91' lang='lat' dir='ltr'><strong>qui</strong></span> <span class='ocrx_word' id='word_1_229' title='bbox 854 3315 887 3375; x_wconf 89' lang='lat' dir='ltr'><strong>et</strong></span> <span class='ocrx_word' id='word_1_230' title='bbox 909 3308 1034 3374; x_wconf 75' lang='lat' dir='ltr'><strong>Graeca</strong></span> <span class='ocrx_word' id='word_1_231' title='bbox 1052 3309 1228 3389; x_wconf 87' lang='lat' dir='ltr'><strong>didicerat,</strong></span> <span class='ocrx_word' id='word_1_232' title='bbox 1243 3319 1278 3378; x_wconf 89' lang='lat' dir='ltr'><strong>et</strong></span> 
     </span>
     <span class='ocr_line' id='line_1_30' title="bbox 174 3409 1278 3494; baseline 0.004 -22"><span class='ocrx_word' id='word_1_233' title='bbox 174 3409 213 3472; x_wconf 92' lang='lat' dir='ltr'><strong>in</strong></span> <span class='ocrx_word' id='word_1_234' title='bbox 228 3409 353 3474; x_wconf 78' lang='lat' dir='ltr'><strong>Iatiua</strong></span> <span class='ocrx_word' id='word_1_235' title='bbox 365 3409 575 3492; x_wconf 84' lang='lat' dir='ltr'><strong>penitissime</strong></span> <span class='ocrx_word' id='word_1_236' title='bbox 600 3411 796 3487; x_wconf 84' lang='lat' dir='ltr'><strong>intraverat,</strong></span> <span class='ocrx_word' id='word_1_237' title='bbox 811 3409 963 3494; x_wconf 84' lang='lat' dir='ltr'><strong>expolito</strong></span> <span class='ocrx_word' id='word_1_238' title='bbox 986 3430 1134 3478; x_wconf 86' lang='lat' dir='ltr'><strong>sermone</strong></span> <span class='ocrx_word' id='word_1_239' title='bbox 1157 3419 1192 3475; x_wconf 85' lang='lat' dir='ltr'><strong>te</strong></span> <span class='ocrx_word' id='word_1_240' title='bbox 1217 3413 1278 3476; x_wconf 90' lang='lat' dir='ltr'><strong>im·</strong></span> 
     </span>
     <span class='ocr_line' id='line_1_31' title="bbox 175 3510 1323 3595; baseline 0.007 -22"><span class='ocrx_word' id='word_1_241' title='bbox 175 3510 304 3593; x_wconf 84' lang='lat' dir='ltr'><strong>pleaut.</strong></span> <span class='ocrx_word' id='word_1_242' title='bbox 350 3511 420 3577; x_wconf 77' lang='lat' dir='ltr'><strong>Res</strong></span> <span class='ocrx_word' id='word_1_243' title='bbox 445 3513 522 3595; x_wconf 87' lang='lat' dir='ltr'><strong>ipsa</strong></span> <span class='ocrx_word' id='word_1_244' title='bbox 548 3513 744 3577; x_wconf 83' lang='lat' dir='ltr'><strong>monstrabit</strong></span> <span class='ocrx_word' id='word_1_245' title='bbox 772 3513 807 3577; x_wconf 89' lang='lat' dir='ltr'><strong>id</strong></span> <span class='ocrx_word' id='word_1_246' title='bbox 840 3511 984 3577; x_wconf 84' lang='lat' dir='ltr'><strong>abunde.</strong></span> <span class='ocrx_word' id='word_1_247' title='bbox 1030 3513 1115 3577; x_wconf 88' lang='lat' dir='ltr'><strong>Mihi</strong></span> <span class='ocrx_word' id='word_1_248' title='bbox 1146 3513 1278 3581; x_wconf 85' lang='lat' dir='ltr'><strong>interim</strong></span> <span class='ocrx_word' id='word_1_249' title='bbox 1320 3533 1323 3538; x_wconf 83' lang='lat'>&#39;</span> 
     </span>
     <span class='ocr_line' id='line_1_32' title="bbox 175 3613 1277 3698; baseline 0.005 -23"><span class='ocrx_word' id='word_1_250' title='bbox 175 3619 317 3696; x_wconf 89' lang='lat' dir='ltr'><strong>propter</strong></span> <span class='ocrx_word' id='word_1_251' title='bbox 328 3613 391 3677; x_wconf 79' lang='lat' dir='ltr'><strong>llos</strong></span> <span class='ocrx_word' id='word_1_252' title='bbox 403 3614 500 3697; x_wconf 90' lang='lat' dir='ltr'><strong>ipsos</strong></span> <span class='ocrx_word' id='word_1_253' title='bbox 514 3615 651 3678; x_wconf 82' lang='lat' dir='ltr'><strong>labores</strong></span> <span class='ocrx_word' id='word_1_254' title='bbox 665 3613 809 3678; x_wconf 86' lang='lat' dir='ltr'><strong>blandiri</strong></span> <span class='ocrx_word' id='word_1_255' title='bbox 824 3620 859 3680; x_wconf 88' lang='lat' dir='ltr'><strong>et</strong></span> <span class='ocrx_word' id='word_1_256' title='bbox 873 3615 964 3698; x_wconf 89' lang='lat' dir='ltr'><strong>coepi</strong></span> <span class='ocrx_word' id='word_1_257' title='bbox 979 3621 1014 3678; x_wconf 93' lang='lat' dir='ltr'><strong>et</strong></span> <span class='ocrx_word' id='word_1_258' title='bbox 1027 3633 1133 3678; x_wconf 82' lang='lat' dir='ltr'><strong>ausus</strong></span> <span class='ocrx_word' id='word_1_259' title='bbox 1154 3614 1214 3695; x_wconf 82' lang='lat' dir='ltr'><strong>fui,</strong></span> <span class='ocrx_word' id='word_1_260' title='bbox 1231 3618 1277 3680; x_wconf 87' lang='lat' dir='ltr'><strong>si·</strong></span> 
     </span>
     <span class='ocr_line' id='line_1_33' title="bbox 175 3713 1277 3800; baseline 0.004 -22"><span class='ocrx_word' id='word_1_261' title='bbox 175 3713 247 3779; x_wconf 87' lang='lat' dir='ltr'><strong>mul</strong></span> <span class='ocrx_word' id='word_1_262' title='bbox 262 3735 323 3798; x_wconf 88' lang='lat' dir='ltr'><strong>per</strong></span> <span class='ocrx_word' id='word_1_263' title='bbox 337 3735 395 3782; x_wconf 86' lang='lat' dir='ltr'><strong>eos</strong></span> <span class='ocrx_word' id='word_1_264' title='bbox 411 3716 534 3780; x_wconf 82' lang='lat' dir='ltr'><strong>rescivi</strong></span> <span class='ocrx_word' id='word_1_265' title='bbox 548 3715 631 3794; x_wconf 81' lang='lat' dir='ltr'><strong>iore,</strong></span> <span class='ocrx_word' id='word_1_266' title='bbox 648 3720 686 3780; x_wconf 89' lang='lat' dir='ltr'><strong>ut</strong></span> <span class='ocrx_word' id='word_1_267' title='bbox 700 3717 750 3782; x_wconf 90' lang='lat' dir='ltr'><strong>sio</strong></span> <span class='ocrx_word' id='word_1_268' title='bbox 765 3735 830 3780; x_wconf 93' lang='lat' dir='ltr'><strong>non</strong></span> <span class='ocrx_word' id='word_1_269' title='bbox 845 3717 993 3800; x_wconf 89' lang='lat' dir='ltr'><strong>amplius</strong></span> <span class='ocrx_word' id='word_1_270' title='bbox 1013 3717 1277 3800; x_wconf 82' lang='lat' dir='ltr'><strong>opprimerentur</strong></span> 
     </span>
     <span class='ocr_line' id='line_1_34' title="bbox 175 3816 1278 3901; baseline 0.002 -21"><span class='ocrx_word' id='word_1_271' title='bbox 175 3835 230 3894; x_wconf 86' lang='lat' dir='ltr'><strong>ea,</strong></span> <span class='ocrx_word' id='word_1_272' title='bbox 246 3835 324 3900; x_wconf 77' lang='lat' dir='ltr'><strong>qum</strong></span> <span class='ocrx_word' id='word_1_273' title='bbox 337 3819 438 3882; x_wconf 85' lang='lat' dir='ltr'><strong>etiam</strong></span> <span class='ocrx_word' id='word_1_274' title='bbox 461 3816 564 3901; x_wconf 82' lang='lat' dir='ltr'><strong>Gasp.</strong></span> <span class='ocrx_word' id='word_1_275' title='bbox 583 3817 768 3901; x_wconf 85' lang='lat' dir='ltr'><strong>Scioppius</strong></span> <span class='ocrx_word' id='word_1_276' title='bbox 782 3836 849 3882; x_wconf 91' lang='lat' dir='ltr'><strong>non</strong></span> <span class='ocrx_word' id='word_1_277' title='bbox 864 3818 1107 3883; x_wconf 81' lang='lat' dir='ltr'><strong>detrectaverat</strong></span> <span class='ocrx_word' id='word_1_278' title='bbox 1120 3817 1208 3881; x_wconf 89' lang='lat' dir='ltr'><strong>clam</strong></span> <span class='ocrx_word' id='word_1_279' title='bbox 1223 3837 1278 3882; x_wconf 87' lang='lat' dir='ltr'><strong>ee·</strong></span> 
     </span>
     <span class='ocr_line' id='line_1_35' title="bbox 175 3919 1278 4002; baseline 0.002 -20"><span class='ocrx_word' id='word_1_280' title='bbox 175 3919 259 3983; x_wconf 91' lang='lat' dir='ltr'><strong>dulo</strong></span> <span class='ocrx_word' id='word_1_281' title='bbox 273 3925 429 3984; x_wconf 83' lang='lat' dir='ltr'><strong>annotare</strong></span> <span class='ocrx_word' id='word_1_282' title='bbox 445 3919 775 3984; x_wconf 79' lang='lat' dir='ltr'><strong>ademendationem</strong></span> <span class='ocrx_word' id='word_1_283' title='bbox 797 3927 830 3984; x_wconf 90' lang='lat' dir='ltr'><strong>et</strong></span> <span class='ocrx_word' id='word_1_284' title='bbox 856 3920 1102 4002; x_wconf 79' lang='lat' dir='ltr'><strong>intelligentiam</strong></span> <span class='ocrx_word' id='word_1_285' title='bbox 1119 3923 1278 3996; x_wconf 75' lang='lat' dir='ltr'><strong>auctoris,</strong></span> 
     </span>
     <span class='ocr_line' id='line_1_36' title="bbox 175 4021 1277 4106; baseline 0.003 -22"><span class='ocrx_word' id='word_1_286' title='bbox 175 4039 280 4103; x_wconf 85' lang='lat' dir='ltr'><strong>quem</strong></span> <span class='ocrx_word' id='word_1_287' title='bbox 294 4022 406 4106; x_wconf 89' lang='lat' dir='ltr'><strong>palam</strong></span> <span class='ocrx_word' id='word_1_288' title='bbox 422 4023 471 4086; x_wconf 84' lang='lat' dir='ltr'><strong>ita</strong></span> <span class='ocrx_word' id='word_1_289' title='bbox 485 4023 544 4086; x_wconf 85' lang='lat' dir='ltr'><strong>vili</strong></span> <span class='ocrx_word' id='word_1_290' title='bbox 568 4021 712 4106; x_wconf 86' lang='lat' dir='ltr'><strong>pendere</strong></span> <span class='ocrx_word' id='word_1_291' title='bbox 735 4023 855 4086; x_wconf 86' lang='lat' dir='ltr'><strong>solitus</strong></span> <span class='ocrx_word' id='word_1_292' title='bbox 869 4021 945 4100; x_wconf 81' lang='lat' dir='ltr'><strong>fuit,</strong></span> <span class='ocrx_word' id='word_1_293' title='bbox 961 4029 1001 4085; x_wconf 92' lang='lat' dir='ltr'><strong>ut</strong></span> <span class='ocrx_word' id='word_1_294' title='bbox 1015 4022 1118 4084; x_wconf 85' lang='lat' dir='ltr'><strong>etiam</strong></span> <span class='ocrx_word' id='word_1_295' title='bbox 1134 4039 1277 4087; x_wconf 83' lang='lat' dir='ltr'><strong>vocave-</strong></span> 
     </span>
     <span class='ocr_line' id='line_1_37' title="bbox 176 4124 1278 4208; baseline 0.003 -23"><span class='ocrx_word' id='word_1_296' title='bbox 176 4125 224 4186; x_wconf 83' lang='lat' dir='ltr'><strong>rit</strong></span> <span class='ocrx_word' id='word_1_297' title='bbox 246 4124 512 4207; x_wconf 88' lang='lat' dir='ltr'><strong>putidiusculum</strong></span> <span class='ocrx_word' id='word_1_298' title='bbox 534 4125 664 4189; x_wconf 87' lang='lat' dir='ltr'><strong>scilicet</strong></span> <span class='ocrx_word' id='word_1_299' title='bbox 684 4125 938 4190; x_wconf 88' lang='lat' dir='ltr'><strong>homuncionem</strong></span> <span class='ocrx_word' id='word_1_300' title='bbox 961 4131 997 4186; x_wconf 89' lang='lat' dir='ltr'><strong>et</strong></span> <span class='ocrx_word' id='word_1_301' title='bbox 1011 4141 1105 4206; x_wconf 77' lang='lat' dir='ltr'><strong>saepe</strong></span> <span class='ocrx_word' id='word_1_302' title='bbox 1122 4124 1278 4208; x_wconf 87' lang='lat' dir='ltr'><strong>subinep·</strong></span> 
     </span>
     <span class='ocr_line' id='line_1_38' title="bbox 176 4225 1276 4312; baseline 0 -24"><span class='ocrx_word' id='word_1_303' title='bbox 176 4232 261 4304; x_wconf 87' lang='lat' dir='ltr'><strong>tum,</strong></span> <span class='ocrx_word' id='word_1_304' title='bbox 273 4227 435 4312; x_wconf 90' lang='lat' dir='ltr'><strong>quioquid</strong></span> <span class='ocrx_word' id='word_1_305' title='bbox 450 4225 586 4292; x_wconf 85' lang='lat' dir='ltr'><strong>Criticis</strong></span> <span class='ocrx_word' id='word_1_306' title='bbox 600 4228 676 4294; x_wconf 84' lang='lat' dir='ltr'><strong>istiu</strong></span> <span class='ocrx_word' id='word_1_307' title='bbox 695 4229 868 4308; x_wconf 83' lang='lat' dir='ltr'><strong>videatur3</strong></span> <span class='ocrx_word' id='word_1_308' title='bbox 902 4232 936 4291; x_wconf 87' lang='lat' dir='ltr'><strong>et</strong></span> <span class='ocrx_word' id='word_1_309' title='bbox 959 4245 1035 4290; x_wconf 89' lang='lat' dir='ltr'><strong>oum</strong></span> <span class='ocrx_word' id='word_1_310' title='bbox 1058 4233 1181 4292; x_wconf 87' lang='lat' dir='ltr'><strong>nactus</strong></span> <span class='ocrx_word' id='word_1_311' title='bbox 1195 4225 1276 4292; x_wconf 88' lang='lat' dir='ltr'><strong>t&#39;uis·</strong></span> 
     </span>
    </p>
   </div>
   <div class='ocr_carea' id='block_1_3' title="bbox 0 0 1542 4866">
    <p class='ocr_par' dir='ltr' id='par_1_4' title="bbox 0 0 1542 4866">
     <span class='ocr_line' id='line_1_39' title="bbox 0 0 1542 4866; baseline 0 0"><span class='ocrx_word' id='word_1_312' title='bbox 0 0 1542 4866; x_wconf 95' lang='lat' dir='ltr'><strong> </strong></span> 
     </span>
    </p>
   </div>
  </div>
 </body>
</html>
