3076 4866
235 387 280 454 22
539 399 798 451 cnarsrrnuns
823 400 1040 450 rnnsranus

237 543 405 622 Naudaeo,
428 544 486 628 qni
502 542 678 627 juventute
698 548 815 608 nostra
829 543 928 608 bonis
944 541 1082 608 addicta
1095 541 1200 606 literis
1213 542 1261 607 ita
1276 543 1336 608 ds

235 648 434 724 lectabatur,
449 657 486 710 ut
501 665 596 729 saepe
611 666 675 710 nos
694 648 728 710 in
743 645 966 711 suburbanum
986 664 1085 708 snum
1099 645 1197 710 simul
1211 645 1334 711 invita-

235 756 297 827 ret,
312 759 347 812 et
362 749 525 814 videretur
538 748 715 812 nobiscum
732 747 951 832 juvenescere
963 746 983 811 :’
1008 766 1075 831 quo
1094 747 1226 812 accedit
1240 767 1334 812 com-

235 848 469 916 mendatitium
484 851 690 916 celeberrimi
703 849 805 936 bnjus
818 849 966 915 Naudoei
978 849 1131 927 Carmen,
1142 849 1333 914 Prodromo

237 951 461 1018 nummatam
476 951 665 1036 praefixum,

364 1107 436 1174 Vix
450 1115 508 1174 tua
522 1116 573 1174 ter
587 1111 680 1175 senis
695 1115 779 1176 aetas
795 1119 990 1176 numeratur
1004 1111 1128 1189 aristis,

416 1211 556 1296 Vixque
573 1220 650 1278 tuas
666 1214 770 1279 audet
784 1215 920 1298 pingere
935 1215 1040 1279 barba
1057 1234 1179 1297 genas:

363 1311 411 1378 At
423 1319 533 1380 tamen
547 1316 613 1381 ista
627 1316 713 1380 facis
726 1351 809 1367 --

278 1454 380 1534 Quod
395 1456 426 1520 si
439 1457 590 1540 longiora
611 1460 747 1526 vivendi
766 1461 876 1545 spatia
891 1459 1074 1526 Lambecio
1087 1467 1206 1524 natura
1221 1456 1332 1524 dedis-

236 1564 298 1636 set,
313 1577 378 1622 non
400 1559 528 1640 dubito,
544 1561 625 1644 quin
648 1564 774 1628 alteras
797 1583 898 1628 curas
921 1563 1090 1628 memoriae
1110 1559 1217 1626 Gellii
1238 1559 1331 1624 illus-

234 1661 362 1726 trandae
378 1662 606 1746 impendisset.
651 1665 791 1730 Interim
807 1686 885 1731 cum
900 1665 933 1729 in
948 1662 1213 1749 praestantissimi
1227 1661 1330 1744 hujus

233 1763 406 1845 scriptoris
430 1764 500 1828 vita
514 1765 739 1848 consignanda
753 1765 909 1851 Apellem
931 1767 1081 1831 imitatus
1098 1764 1241 1842 videtur,
1259 1763 1330 1848 qui,

233 1869 272 1928 nt
286 1861 406 1929 Cicero
421 1865 468 1930 ait
481 1866 540 1930 lib.
557 1883 582 1932 1.
597 1865 641 1932 ad
653 1867 753 1934 Fam.
770 1867 881 1951 Epist.
901 1884 956 1932 1x.
980 1866 1146 1932 ‘Veneris
1167 1873 1274 1948 capnt
1294 1873 1330 1930 et

233 1984 366 2032 summa
377 1972 516 2052 pectora
529 1967 732 2051 politissima
746 1977 818 2035 arte
833 1970 987 2054 perfecit,
1002 1968 1163 2052 reliquam
1174 1968 1328 2051 corporis

232 2073 364 2150 partem
380 2066 572 2134 inchoatam
588 2070 720 2154 reliquit
729 2070 755 2151 3'
779 2071 862 2136 nibil
877 2069 1072 2136 offensionis
1087 2089 1142 2136 mc
1156 2088 1201 2133 ex
1214 2087 1255 2134 eo
1268 2068 1329 2136 ba·

231 2167 373 2234 bitumm
389 2169 534 2250 conlido,
550 2173 579 2236 si
594 2191 666 2252 eas,
678 2193 757 2257 qnae
772 2174 807 2238 in
821 2175 940 2240 tabula
956 2173 1180 2238 lambeciana
1192 2191 1329 2238 manum

231 2267 404 2351 postulare
420 2271 586 2352 videntur,
609 2282 722 2357 partes
741 2276 876 2359 exequi,
891 2274 1029 2358 suisque
1043 2273 1171 2340 umbris
1185 2278 1220 2338 et
1232 2273 1328 2340 lumi·

230 2372 329 2436 nibus
344 2391 461 2438 ornare
476 2373 619 2453 adnitar,
634 2381 672 2440 nt
686 2376 872 2440 clarissimo
895 2376 1023 2441 nomini
1043 2373 1214 2452 Gelliano,
1237 2375 1325 2460 quod

93 2485 101 2494 ·
231 2490 306 2536 raro
320 2473 499 2538 semidocti
513 2474 607 2557 vulgi
622 2477 739 2542 oculos
754 2477 790 2542 in
801 2498 840 2544 se
852 2479 1027 2557 convertit,
1038 2497 1122 2544 suus
1134 2477 1251 2558 bonos,
1265 2497 1327 2544 sua

228 2573 389 2656 majestas
404 2581 550 2642 constet.

275 2673 331 2757 §a
354 2671 393 2738 si
419 2679 535 2761 ‘turpe
550 2677 627 2758 est,’
650 2685 689 2744 nt
710 2677 839 2746 Gellius
862 2687 974 2748 noster
991 2680 1125 2766 judicat
1144 2681 1326 2748 l.1v.c.1.

230 2774 421 2841 ‘hominem
434 2797 501 2842 non
516 2799 578 2844 suo
592 2781 727 2847 nomine
746 2783 941 2867 appellare,'
957 2783 1030 2868 jam
1052 2785 1195 2868 primum
1211 2785 1245 2848 in
1258 2783 1326 2848 bis·

227 2875 314 2940 toria
327 2881 444 2942 nostra
464 2880 635 2962 negotium
650 2883 752 2948 nobis.
771 2891 835 2962 est,
857 2892 896 2950 ut
916 2905 1029 2950 verum
1044 2883 1204 2951 Auctoris
1217 2883 1325 2949 nostri

227 2997 358 3056 nomen,
374 2979 463 3064 quod
477 2981 642 3049 hactenns
657 2985 789 3069 ingenia
811 2985 1007 3052 Criticornm
1029 2989 1112 3054 inter
1131 3008 1170 3054 se
1184 2986 1323 3052 commi·

227 3078 283 3156 sit,
297 3081 441 3146 breviter
454 3086 675 3152 excutiamus.
720 3088 854 3154 Primus
871 3090 924 3154 vel
939 3109 1015 3155 cum
1030 3091 1146 3174 primis
1166 3086 1324 3175 Agazaca

227 3181 372 3246 scribere
392 3182 497 3267 jussit
515 3187 653 3271 Lipsius
674 3189 697 3254 l.
714 3208 765 3257 vr.
791 3190 924 3271 Quaest.
939 3191 1083 3276 Epistol.
1099 3211 1176 3274 cap.
1198 3191 1230 3256 8.
1245 3208 1322 3274 quac

225 3281 372 3346 novandi
386 3283 493 3351 libido
507 3298 632 3372 praeter
647 3293 732 3359 alios
747 3295 948 3360 salmasium
961 3313 1094 3378 quoqne
1107 3293 1261 3370 incessit,
1272 3293 1322 3358 uti

227 3383 325 3448 video
341 3404 386 3449 ex
400 3385 502 3472 hujus
522 3391 679 3459 inchoato
697 3395 732 3458 in
753 3395 939 3460 Amobium
954 3395 1206 3471 commentario,
1221 3413 1321 3478 quem

225 3503 327 3550 manu
342 3506 404 3552 sna
424 3489 627 3576 descriptum
650 3495 867 3562 fidelissimus
886 3495 1067 3581 qnondam,
1089 3515 1177 3560 nunc
1199 3497 1321 3560 beatus

225 3587 354 3652 amicus
378 3588 544 3680 Nicolaus
570 3594 689 3661 Petrus
711 3598 852 3662 Sibbern
878 3597 960 3662 mibi
988 3597 1133 3675 miserat,
1157 3603 1274 3680 postea
1298 3615 1321 3660 a

224 3686 452 3758 celeberrimo
481 3713 557 3760 meo
583 3697 739 3765 Fabricio
768 3702 803 3764 in
833 3699 1010 3764 Volumine
1038 3717 1079 3764 ιι.
1108 3697 1257 3782 Operum
1281 3697 1319 3763 S.

226 3788 406 3877 Hippolyti
422 3813 500 3878 pag.
520 3799 695 3865 lae-134.
710 3803 932 3886 publicatum.
976 3800 1044 3866 Sed
1055 3800 1142 3866 enim
1151 3799 1319 3883 quomodo

224 3895 327 3958 tantis
337 3895 445 3961 oculis
456 3902 582 3965 tantam
596 3902 773 3984 caliginem
785 3905 914 3968 incuria
927 3903 1134 3968 librariorum
1147 3901 1318 3966 offundere

222 3997 380 4076 potuerit,
400 4019 463 4083 ego
485 4003 640 4084 proiecto
658 4025 724 4070 non
747 4007 859 4072 video.
904 4004 995 4085 Quid
1010 4004 1122 4070 multis
1137 4021 1226 4087 opus
1240 4005 1318 4068 estl

222 4089 459 4164 Adulterinnm
474 4122 548 4169 esse
563 4125 686 4172 nomen
702 4106 834 4194 Agellii,
849 4127 962 4174 verum
980 4111 1095 4172 contra
1110 4103 1189 4168 Auli
1207 4101 1316 4183 Gellii,

218 4196 290 4281 jam
314 4198 492 4270 luculenter
521 4213 698 4294 utrumqne
721 4209 907 4276 docuerunt
926 4205 1130 4273 lambecius
1146 4213 1183 4274 ct
1197 4205 1318 4274 Petrus
