3076 4866
458 377 506 426 ou
531 377 619 426 vrrs
645 377 691 426 ur
716 377 1062 430 assessorum.
1258 369 1301 436 93
1418 339 1430 362 ’

203 515 355 597 Servius,
369 517 524 586 Medicus
533 521 726 588 Romanus:
739 543 878 608 qnorum
889 528 1091 593 testimoniis
1106 528 1301 596 firmamenti
1431 544 1434 554 '

203 619 282 684 loco
297 621 388 685 oddo
411 622 538 688 diserta
558 623 620 689 illo
644 625 754 690 Servii
776 627 820 692 od
840 627 959 712 Virgil.
974 629 1108 694 AEneid.
1124 647 1160 695 v,
1175 632 1299 717 ⁷38.-p.

203 739 250 786 m.
275 724 352 790 708.
377 725 457 789 edit.
479 726 622 792 Messio.
646 727 754 794 ‘Haeo
778 735 887 795 sutem
913 731 1012 814 pleno
1036 737 1244 816 exequuntur
1265 743 1301 799 et

205 821 326 888 Gioero
340 827 373 890 in
389 824 630 910 Auguralibus,
650 839 684 896 ot
697 831 833 896 Aunus
849 831 1022 898 Gnunrus
1039 834 1183 900 inlibris
1207 835 1301 902 Noo-

203 925 288 990 tium
315 926 502 994 Atticorum
515 930 541 994 τ’
563 932 642 996 item
666 933 711 998 ad
735 933 869 998 AEneid.
892 950 958 997 νιι.
973 937 1048 1000 749.
1064 955 1098 1018 p·
1109 936 1187 1002 860.
1210 936 1303 1003 ‘Alii

202 1025 294 1094 idom
307 1050 328 1094 a
343 1031 483 1115 Virgilio
497 1035 532 1098 iu
547 1032 719 1116 Georgicis
742 1033 866 1100 suetum
880 1041 1074 1115 memorant,
1090 1045 1126 1102 ut
1140 1037 1241 1103 etium
1256 1040 1300 1104 ub

202 1128 316 1194 Auno
332 1131 480 1198 Gnunro
495 1135 656 1200 traditur!
699 1136 801 1201 Mitto
823 1145 946 1220 sponte
968 1139 1048 1217 olio,
1066 1159 1142 1222 quae
1164 1140 1208 1205 ed
1230 1161 1301 1208 reo·

203 1239 275 1296 tam
298 1237 441 1300 nominis
466 1235 614 1302 Gelliuni
643 1237 842 1320 scripturum
864 1239 1102 1305 vindicandum
1125 1243 1300 1324 pertinent.

203 1333 319 1414 Mitto,
345 1337 503 1421 inquam
521 1359 657 1418 memor,
678 1340 769 1424 quod
792 1340 930 1406 Jonsius
955 1341 997 1406 do
1020 1342 1144 1425 Script.
1169 1343 1298 1410 Hister.

202 1435 333 1502 Philos.
358 1440 380 1503 l.
408 1455 447 1502 ιι.
463 1461 493 1506 o.
508 1441 541 1505 9.
564 1443 582 1526 §
599 1460 623 1507 ι.
640 1461 675 1526 p.
691 1461 734 1506 nr.
749 1443 823 1507 190.
849 1451 961 1508 monet
985 1447 1040 1510 ‘in
1062 1447 1131 1510 isto
1147 1447 1299 1531 appelle-

201 1537 476 1625 tionis(Gnnu11
502 1562 546 1608 nu
567 1541 744 1624 Aonnuu)
764 1545 962 1612 diversitate
985 1549 1127 1612 sulutem
1149 1547 1299 1616 Romani

199 1643 333 1724 imperii
349 1664 416 1710 non
439 1645 585 1712 versuti?
607 1647 676 1712 imo
690 1650 733 1712 ab
748 1649 870 1714 illustri
886 1649 909 1716 J
911 1669 942 1714 ο.
957 1649 1081 1716 Burolr.
1098 1649 1298 1718 Meuokouio

200 1744 236 1808 iu
248 1745 508 1812 Declamationo
525 1765 568 1813 11.
583 1747 625 1813 de
639 1748 890 1815 cherlatuneria
901 1750 1111 1816 Eruditomm
1126 1771 1205 1836 ρας.
1222 1755 1298 1820 lll.

199 1865 262 1910 eos
284 1848 372 1913 sulse
403 1850 589 1933 perstringi,
612 1853 672 1934 qui
698 1855 833 1918 multum
860 1854 1043 1938 disputant,
1066 1853 1296 1922 ‘Vluorntus

201 1951 416 2016 scribendum
425 1952 468 2016 sit
479 1971 522 2018 on
535 1951 775 2019 Vunotnrusi
791 1961 827 2019 et
845 1955 1004 2021 Noctium
1016 1956 1203 2023 Atticarum
1217 1977 1297 2024 auo·

201 2059 256 2116 tor
270 2053 447 2118 vocandus
463 2051 671 2134 Aonunrus,
688 2073 730 2118 an
744 2055 880 2120 Annus
892 2055 1103 2124 Guuurust’

245 2155 263 2238 §
279 2172 319 2222 ιι.
343 2155 395 2221 De
410 2156 528 2221 Patrio
542 2155 647 2222 Gellii
667 2177 764 2222 nemo
779 2163 900 2224 temere
913 2158 1044 2226 ‹lubitut
1057 2168 1136 2243 post
1150 2160 1298 2228 Christo-

200 2255 345 2340 plorum
374 2259 523 2324 Pierium
550 2258 743 2342 Gigantum,
765 2279 865 2344 quem
888 2261 922 2324 in
946 2280 986 2326 eu
1010 2262 1168 2345 opinione
1189 2261 1297 2328 fuisse

197 2361 317 2424 rotulit
331 2361 371 2426 L.
390 2361 569 2428 Fedorious
592 2361 758 2442 Turselius,
779 2371 817 2428 ut
838 2382 898 2447 pro
918 2363 1021 2429 Gallo
1040 2383 1118 2429 eum
1132 2364 1296 2445 hebuerit,

198 2463 359 2528 inductus
373 2463 425 2528 his
441 2463 556 2529 Nostri
570 2465 681 2530 vorbis
695 2465 752 2530 lib.
769 2481 810 2530 ιι.
825 2464 927 2532 Noot.
943 2464 1015 2532 Art.
1031 2486 1061 2532 o.
1071 2467 1124 2532 22.
1148 2471 1158 2501 ‘
1175 2467 1297 2534 Nostri

199 2583 345 2648 namquo
369 2564 500 2630 Gallu*
522 2567 581 2631 ubi
604 2573 800 2632 tamennon
824 2567 896 2651 ipse
916 2567 1047 2634 Gellius
1061 2569 1218 2653 loquitur,
1233 2570 1296 2634 sod

198 2665 392 2750 loquentem
416 2667 545 2733 inducit
565 2667 782 2748 Favorinum,
797 2669 963 2734 hominem
978 2670 1128 2750 Gallum,
1146 2673 1296 2756 philoso-

198 2769 301 2852 phum
326 2767 569 2835 Arelatensem.
614 2769 744 2835 Pierius
772 2791 864 2850 vero,
888 2773 919 2836 si
944 2772 1136 2838 admonitus
1161 2773 1295 2853 fuisset,

198 2873 400 2937 senteutiam
414 2873 534 2956 procul
555 2873 657 2938 dubio
681 2879 852 2951 mutasset,
875 2875 978 2938 sicuti
993 2874 1200 2940 Ptolemaeus
1216 2876 1294 2942 Flo-

197 2974 287 3050 vius,
311 2975 345 3038 iu
369 2973 606 3060 Goujeotoneis
628 2993 702 3059 unp.
724 2975 778 3040 15.
802 2995 837 3058 p.
852 2975 928 3041 964.
950 2973 1064 3061 (Τοιιι.
1089 2993 1113 3039 ι.
1133 2977 1293 3043 Thosuur.

197 3075 353 3160 Gruter.)
371 3077 412 3141 de
436 3097 474 3142 se
495 3078 631 3142 tutetur:
654 3076 716 3141 ‘In
739 3078 936 3142 senteutiam
961 3077 1063 3142 Pierii
1080 3095 1144 3161 ego
1159 3097 1294 3163 quoque

197 3178 380 3262 aliquando
394 3179 453 3258 ivi,
476 3199 543 3245 nou
562 3179 634 3243 siue
650 3180 826 3244 multorum
842 3180 1043 3263 elegantium
1058 3179 1224 3246 hominum
1240 3201 1294 3248 as-

197 3299 298 3346 sensu
309 3279 464 3346 2-Nuno
475 3287 586 3345 sutem
597 3299 696 3344 secun
712 3283 833 3359 sentio,
847 3299 986 3364 eumque
997 3281 1187 3348 Romanum
1197 3293 1302 3370 puto,

196 3402 263 3447 neo
277 3388 402 3448 tuntum
417 3383 583 3448 homiuem
607 3372 831 3467 Tiensnlpiuo
857 3383 1105 3450 concedendum
1123 3386 1293 3451 existimo.

198 3480 301 3562 Quod
322 3483 443 3548 sedulo
469 3484 601 3549 Lectori
626 3503 671 3550 ex
689 3485 776 3568 ipsis
800 3485 969 3552 Noctibus
987 3505 1055 3552 nou
1077 3507 1144 3551 nno
1163 3487 1197 3552 in
1218 3488 1293 3554 loeo

198 3591 311 3671 operte
326 3585 460 3652 dabitur
474 3587 698 3670 cognoscere?

241 3689 331 3773 §uu
354 3689 447 3754 Ioco
463 3690 612 3754 nobilem
636 3689 742 3755 fuisse
762 3689 924 3755 Nostrum
945 3689 1035 3755 houd
1047 3691 1190 3754 obscure
1205 3690 1293 3754 indi-

197 3798 278 3856 cunt
292 3791 396 3856 verbo
410 3791 520 3874 ipsius
538 3791 562 3857 l.
579 3808 692 3857 xvur.
718 3813 747 3858 c.
770 3795 802 3857 4.
822 3793 928 3877 princ.
944 3791 1052 3857 ‘Cum
1071 3792 1143 3876 jorn
1158 3791 1292 3858 adolos-

196 3893 322 3960 centuli
335 3891 456 3957 Romae
467 3899 671 3976 praetextum
684 3901 717 3960 et
728 3893 890 3978 puerilem
905 3899 1020 3976 togam
1039 3899 1262 3959 mutassemus
1272 3895 1292 3962 :'

195 4004 233 4063 ut
249 4015 328 4061 vero
344 3997 420 4079 quis
434 3995 499 4059 nisi
513 4001 738 4080 praetextato,
753 4003 788 4062 ut
802 3998 852 4061 its
866 3996 990 4074 dienm,
1010 3994 1122 4058 suus
1139 3994 1173 4058 in
1187 3996 1293 4064 litoris

195 4101 317 4178 nescit,
331 4096 571 4182 ‘praetextum’
584 4095 687 4174 fuisse
701 4099 861 4164 nobilium
876 4115 1047 4183 puerorum
1057 4097 1148 4180 opud
1164 4097 1292 4167 Romu·

193 4203 282 4268 nost
312 4203 390 4286 quis
415 4217 516 4284 porro
542 4200 644 4285 paulo
662 4200 836 4267 humanior
854 4200 984 4284 ignoret
996 4197 1239 4266 nobilissimum
1254 4203 1289 4272 in
