3076 4866
253 398 295 462 10
623 409 755 460 sncont
780 411 964 460 cnonovrr

252 554 389 620 curiosa
410 555 575 638 indagatio
599 560 632 620 el
654 555 750 636 larga
771 553 932 620 desiderii
949 554 1002 620 sui
1016 553 1229 633 significatio,
1244 573 1345 638 quam

251 654 332 720 mibi
354 658 479 742 posuit,
505 677 583 722 cum
605 656 748 722 Parisiis
778 675 902 732 essem,
928 677 959 721 a.
989 656 1023 720 d.
1049 671 1128 720 x1v.
1159 656 1240 722 Kal.
1264 656 1346 722 Jun.

252 771 312 822 oro
325 774 499 824 roonxxr.
515 760 565 824 sic
579 768 764 843 concepta:
787 757 891 824 ‘Tres
901 759 1010 824 babeo
1026 759 1224 827 collationes
1241 759 1347 826 Gellii

252 857 353 942 Regii
368 861 540 926 doctorum
556 861 726 927 bominum
745 863 898 927 manibus
919 863 1048 928 iactas:
1074 863 1109 928 bi
1128 879 1244 932 omnes
1260 863 1347 928 setis

250 981 305 1027 me
329 965 452 1030 docent
475 963 711 1032 Praesationem
737 965 832 1029 ineo
856 965 1038 1049 exemplari
1055 983 1143 1042 esse,
1158 964 1250 1048 quod
1265 965 1347 1031 olim

251 1067 416 1152 postremi
437 1067 513 1132 libri
534 1067 687 1134 ultimum
707 1075 811 1151 ceput
832 1069 1037 1150 ponebatur:
1062 1075 1098 1132 et
1117 1067 1197 1132 huic
1216 1066 1348 1134 Praese-

250 1171 336 1236 tioni
348 1169 472 1254 subjici
488 1169 646 1236 lemmata
658 1171 806 1253 capitum
821 1190 881 1253 per
901 1188 1016 1236 omnes
1032 1184 1103 1234 xX.
1119 1168 1233 1235 libros.
1277 1169 1347 1235 Sed

251 1273 334 1356 quid
354 1279 511 1356 sequetur
530 1293 572 1338 ea
585 1274 755 1350 lemmata,
769 1279 803 1338 et
816 1271 903 1338 unde
918 1272 1058 1355 incipiet
1072 1276 1253 1338 coutentes
1266 1290 1348 1336 auc-

251 1376 344 1454 toris,
373 1375 472 1459 quasi
494 1374 536 1440 de
566 1380 742 1459 compecto
765 1377 875 1442 silent.
920 1374 1081 1458 Suspicor
1107 1379 1218 1442 eutem
1238 1374 1347 1456 prima

251 1476 320 1544 duo
335 1479 448 1562 capita
461 1477 537 1544 libri
552 1478 648 1561 primi
663 1479 699 1542 in
713 1498 753 1542 eo
768 1478 936 1546 volumine
952 1477 1090 1555 deesse;
1113 1474 1247 1560 quermo
1262 1474 1347 1542 nibil

251 1596 274 1641 a
294 1597 462 1662 quoquam
489 1581 538 1645 ibi
560 1580 732 1646 varietatis
750 1585 900 1646 notatum
923 1579 1035 1656 video,
1058 1595 1134 1644 cum
1156 1585 1266 1644 tamen
1287 1577 1346 1643 be·

250 1681 352 1746 beent
374 1681 491 1766 dignos
516 1682 649 1748 vindice
667 1683 783 1748 nodos.
827 1682 946 1748 Codex
960 1701 982 1746 c
994 1681 1052 1746 lib.
1073 1696 1098 1742 1.
1116 1679 1346 1763 advenisque

250 1783 410 1866 pertinet;
425 1785 577 1862 sedtum,
593 1792 631 1848 ut
645 1784 729 1861 dixi,
751 1803 773 1848 a
785 1783 1079 1868 principio,qnem
1093 1782 1127 1850 in
1141 1780 1206 1848 fine
1221 1781 1346 1866 aliquid

250 1885 432 1952 desiderari
454 1905 596 1952 censeo:
624 1886 713 1971 quod
739 1893 898 1952 accurate
922 1903 1109 1966 cognosces
1129 1884 1241 1962 velim,
1266 1893 1302 1948 et
1324 1903 1347 1950 e

250 2006 320 2070 quo
343 1989 465 2072 capite,
491 1991 614 2073 quibus
638 1989 761 2072 capitis
786 1988 859 2072 ejus
884 1989 995 2052 verbis
1017 1995 1052 2051 et
1072 1987 1176 2052 literis
1193 1987 1345 2070 incipiat,

250 2108 361 2173 quove
375 2092 488 2175 cupite
503 2091 579 2156 libri
596 2108 645 2155 vr.
661 2091 826 2176 quibusve
839 2089 948 2155 verbis
962 2094 997 2154 ct
1010 2090 1117 2154 literis
1131 2089 1206 2173 eJns
1221 2090 1346 2171 eapitis

249 2191 398 2269 finietur,
420 2194 502 2258 mibi
523 2192 735 2278 perscribas?
778 2191 835 2258 Ad
857 2212 933 2277 quae
956 2193 1071 2258 omnia
1089 2211 1166 2256 cnm
1184 2191 1345 2258 attendis·

249 2315 331 2372 sem,
346 2302 378 2360 et
399 2295 547 2362 Gellium
568 2298 635 2362 isto
657 2303 758 2379 pecto
782 2295 943 2360 collatum
964 2295 1261 2378 conscriptumque
1285 2295 1346 2360 mi-

249 2397 381 2474 sissem,
403 2400 451 2463 ita
468 2399 697 2464 conditionem
718 2398 789 2482 ejus
811 2397 889 2464 libri
911 2398 1069 2480 concepit
1084 2398 1295 2480 signavitque
1310 2397 1345 2460 in

249 2497 355 2565 fronte
371 2501 586 2583 exemplaris,
602 2521 670 2585 qno
692 2502 740 2566 nti
764 2501 911 2566 solebat:
934 2499 1086 2583 ‘Repiue
1100 2498 1186 2564 liber
1199 2500 1345 2583 primum

248 2603 352 2668 habet
365 2604 388 2669 J
390 2605 452 2668 ulii
466 2604 615 2670 Gesseris
634 2605 759 2670 bellum
780 2604 961 2671 Gallicum.
1007 2602 1140 2668 Deinde
1153 2603 1274 2686 incipit
1287 2603 1346 2668 Li-

249 2706 308 2770 ber
322 2704 366 2771 A.
383 2705 485 2772 Gellii
501 2706 662 2772 Noctium
676 2706 877 2772 Atticarum.
910 2706 1003 2773 Hinc
1021 2724 1099 2788 quae
1114 2705 1148 2770 in
1163 2704 1260 2770 editis
1273 2711 1346 2770 erat

249 2827 328 2890 pers
344 2809 451 2872 ultimi
467 2811 590 2894 cepitis
612 2810 688 2874 libri
708 2810 879 2893 postremi.
923 2809 1009 2873 Mox
1024 2808 1183 2872 lemmata
1197 2808 1344 2890 cupitum

248 2909 326 2974 libri
341 2911 440 2996 primi
454 2931 563 2996 usqne
577 2911 620 2977 ed
635 2920 678 2976 16
693 2913 734 2977 dc
749 2911 937 2996 Sibyllinis.
980 2909 1111 2994 Graecis
1132 2910 1221 2976 enim
1240 2910 1346 2974 literis

248 3031 401 3076 numerus
416 3013 458 3076 ad
478 3014 611 3096 singule
625 3015 782 3079 lemmata
796 3019 939 3079 notetur.
982 3013 1069 3078 Post
1082 3012 1165 3076 illud
1180 3019 1225 3076 ie
1238 3031 1344 3095 eppe·

248 3121 298 3178 ret
316 3112 477 3189 DEEST,
492 3123 529 3178 et
540 3115 687 3198 spatium
702 3116 867 3182 columnae
883 3114 977 3200 (nem
991 3115 1025 3178 in
1041 3133 1101 3178 eas
1116 3113 1233 3178 divisae
1250 3115 1345 3196 pagi-

124 3247 131 3264 .
247 3213 318 3300 nae)
346 3215 529 3281 dimidiatae
556 3236 707 3282 vacnum.
751 3216 794 3282 In
822 3237 952 3282 summo
977 3216 1150 3300 sequentis
1174 3215 1344 3281 columnae

247 3317 355 3400 prima
370 3325 462 3382 sunt:
487 3321 752 3385 aErKVeenec
771 3316 879 3404 (quod
901 3327 955 3384 est
968 3319 1002 3384 in
1016 3317 1163 3383 secundo
1178 3317 1344 3382 editorum

248 3415 375 3500 capite)
388 3438 495 3502 usque
519 3421 561 3484 ed
580 3427 937 3484 Mernnenmral
957 3425 1343 3484 Klrflmrcrmennv.

249 3516 383 3596 Quibus
398 3521 503 3586 haeret
523 3523 743 3588 continenter:
766 3521 858 3588 ‘Hic
884 3527 996 3587 autem
1018 3520 1115 3586 Chilo
1137 3521 1344 3604 prestabilis

247 3621 365 3686 bomo.'
409 3623 651 3690 Desiderantur
678 3625 778 3709 igitur
803 3634 912 3691 totum
933 3631 1036 3708 ceput
1057 3624 1218 3708 primum:
1239 3632 1276 3688 et
1289 3643 1343 3690 se-

247 3723 394 3790 cuudum
418 3746 525 3810 nsque
544 3728 587 3792 ad
611 3731 650 3792 rol
675 3725 791 3794 Aetnae
811 3735 869 3803 πῶς
891 3725 985 3804 nieles
1007 3729 1042 3792 in
1060 3727 1170 3792 verbis
1185 3723 1342 3792 Arriani:

247 3846 390 3910 quaeque
405 3827 524 3894 horum
539 3835 722 3914 sequuntur
742 3838 822 3915 post
836 3827 1058 3913 μεταπέμψηται
1080 3825 1317 3916 κατηγορούμενον
1332 3847 1343 3893 r

246 3937 281 3992 et
295 3931 417 4013 cepitis
439 3933 530 3998 tertii
552 3935 766 4018 principium,
786 3935 877 4019 qnod
902 3933 994 4000 Guil.
1009 3931 1156 3998 Contere
1171 3931 1343 3995 debemus.

247 4029 301 4094 De
315 4031 517 4099 Canterieno
533 4043 642 4099 ermen
657 4035 759 4102 habet
783 4037 874 4101 ‘Hic
888 4035 1023 4115 autem,’
1041 4033 1132 4119 quod
1146 4035 1184 4098 in
1197 4033 1343 4114 rubetis

246 4137 344 4198 eume
369 4133 492 4202 deerat.
550 4135 714 4216 Quintum
741 4139 861 4205 librum
890 4138 1022 4222 excipit
1046 4137 1231 4221 septimus:
1265 4138 1342 4219 post

246 4233 334 4316 bunc
348 4235 508 4305 lemmata
522 4241 622 4320 sexti,
648 4241 756 4327 deque
779 4244 859 4328 ipso
881 4243 996 4328 capite
1014 4241 1076 4306 trie
1090 4241 1228 4324 integre,
1243 4255 1341 4322 quar-
