3076 4866
462 840 754 914 CHRISTIANI
785 841 1022 910 FALSTERI

355 1003 623 1138 armannus
675 1061 1135 1141 communiamus

227 1289 353 1397 DE
424 1295 664 1399 VITA
738 1297 854 1402 ET
926 1299 1259 1408 REBUS

485 1574 667 1664 AULI
716 1575 998 1667 GELLII.

593 1846 890 1860 Ἥ

190 2043 294 2134 Curi
318 2069 508 2136 minuscula
524 2067 687 2136 artificum
702 2091 806 2156 opera
821 2072 1074 2138 admirationem
1089 2075 1289 2157 singularem

188 2172 315 2238 habere
333 2174 454 2252 solent,
467 2193 545 2252 noo,
563 2180 725 2257 cispano,
749 2174 868 2238 Manes
888 2175 1068 2240 clarissimi
1085 2176 1174 2240 Petri
1191 2176 1290 2240 liam-

190 2275 280 2340 beoii
309 2276 453 2354 offendo,
486 2277 517 2342 si
546 2276 778 2342 brevissimam
800 2275 899 2360 lrojos
925 2276 966 2342 do
990 2278 1062 2342 vita
1084 2277 1166 2342 Auli
1186 2277 1290 2342 Gellii

190 2376 720 2444 Dissertationemminntissimis
731 2376 963 2460 Myrmecides,
971 2377 1289 2456 CallicratisTheo-

191 2477 281 2556 dori,
294 2478 502 2564 aliorumque
516 2478 607 2563 apud
619 2478 764 2544 Plinium
777 2476 890 2563 (nisa
906 2479 990 2546 Nat.
1004 2480 1028 2546 l.
1041 2493 1187 2549 xxxiv.
1199 2501 1229 2546 c.
1241 2480 1291 2566 Θ.)

189 2581 366 2662 opusculis
380 2599 630 2665 comparavero.
673 2579 776 2660 Quod
797 2581 827 2646 si
845 2582 922 2665 quis
938 2602 1018 2648 vero
1032 2601 1128 2648 suam
1144 2581 1197 2648 his
1211 2584 1289 2648 arti·

189 2681 282 2747 liciis
300 2682 490 2748 exilitatem
511 2683 597 2748 vitio
616 2683 732 2766 potins
753 2685 887 2748 verterit
907 2703 1007 2766 quam
1028 2683 1122 2748 laudi
1143 2683 1289 2763 duxerit,

189 2783 291 2850 sicuti
306 2783 455 2850 Galenus
469 2786 504 2848 in
514 2783 724 2869 Protreptioo
737 2786 783 2850 ad
799 2783 897 2850 Artes
912 2783 1093 2868 Μυρμηκίδου
1108 2785 1158 2850 aad
1175 2794 1290 2852 Kaia-

188 2883 312 2972 κράτους
324 2884 548 2973 paraemias
563 2888 769 2971 perstringit,
784 2896 887 2972 atquo
903 2888 1058 2952 AEliauus
1080 2886 1190 2972 (Hist.
1203 2875 1287 2954 Va'r.

189 2985 254 3051 l.r.
269 3008 300 3054 o.
315 2987 387 3073 17.)
406 3007 510 3072 opera
528 3007 641 3053 eorum
662 2986 766 3073 xpina
782 2987 983 3077 παρανάλωμα
1004 2994 1123 3054 vocat:
1148 3007 1210 3072 ego
1235 3010 1287 3056 me

185 3088 260 3172 jam
275 3109 409 3168 revoco,
434 3088 617 3158 Lambacio
629 3089 701 3174 jam
725 3090 955 3156 adolescentia
969 3095 1003 3154 et
1024 3091 1189 3172 angustiae
1204 3097 1288 3154 tam·

188 3191 295 3276 poris,
305 3211 447 3276 quarum
463 3196 633 3276 praetextu
647 3192 789 3274 ipsemet
802 3191 837 3256 in
854 3191 1010 3274 Epistola
1027 3191 1069 3256 ad
1085 3192 1287 3257 avunculum

188 3293 317 3358 Lucam
334 3293 551 3358 Holstenium
573 3294 688 3371 utitur,
709 3293 842 3360 veniam
857 3293 956 3358 facila
971 3293 1203 3377 impetrabunt,
1220 3302 1287 3360 tos·

191 3397 365 3461 timonium
385 3397 480 3462 aetati
500 3395 644 3460 hominis
667 3413 733 3460 una
755 3394 942 3476 perhibente
964 3393 1086 3458 illustri
1109 3394 1236 3460 Huelio
1251 3397 1287 3462 in

155 3513 159 3521 ·
189 3496 440 3563 Commentario
454 3497 496 3562 de
507 3495 626 3562 Rebus
639 3495 682 3560 ad
699 3515 736 3560 se
752 3495 1003 3563 Pertinentilruu
1018 3495 1077 3560 lib.
1095 3513 1119 3562 r.
1130 3517 1165 3580 p.
1176 3517 1221 3560 m.
1232 3498 1286 3564 28.

190 3599 295 3664 ‘Non
324 3599 431 3664 multo
460 3604 539 3664 ante
570 3603 703 3663 venerat
728 3596 897 3662 Lutetiam
933 3597 1055 3662 Petrus
1084 3596 1286 3666 Lambeoius

138 3767 141 3778 ,
189 3699 470 3782 Hambnrgensis,
485 3698 590 3764 Lucae
615 3698 787 3764 Holslonii
803 3715 914 3764 sorore
927 3699 1205 3766 natus-Statim
1226 3721 1286 3766 au·

189 3810 256 3868 tem
271 3811 377 3886 atque
392 3801 561 3866 Lutetiam
582 3801 705 3882 attigit,
729 3799 997 3866 lucubrationes
1022 3800 1165 3866 criticas
1181 3802 1287 3869 edidit

186 3905 351 3993 (Parisiis
367 3899 593 3988 nnoxnvrr.)
606 3903 649 3970 ad
665 3903 900 3968 illustrandum
915 3901 1038 3968 Aulum
1061 3902 1217 3982 Gelliam,
1232 3925 1287 3972 se·

188 4029 254 4094 qna
269 4009 313 4074 ad
331 4005 523 4072 Naudrenrn
538 4006 735 4090 applicavit.
782 4003 838 4071 Ad
863 4025 962 4089 quem
982 4025 1059 4070 cnm
1073 4023 1166 4090 saepe
1181 4009 1287 4074 renti·

189 4121 341 4178 taromus
369 4113 519 4192 uterque,
545 4108 615 4173 illic
640 4109 785 4192 primurn
811 4109 930 4174 notitia
954 4107 1034 4172 milri
1054 4111 1286 4194 cummisit,

187 4235 290 4302 qnam
317 4211 448 4280 stabilis
477 4209 595 4277 deinde
616 4219 802 4278 consecuta
824 4217 878 4277 ost
899 4210 1060 4292 amicitia,
1085 4213 1285 4282 conciliante
