3076 4866
267 383 310 448 52
650 395 775 445 sunux
800 395 980 445 cucuron.

298 546 339 592 11.
355 541 395 590 ila
413 545 489 590 santo
504 539 613 602 iapyge,
629 537 712 602 deque
731 539 838 588 aliorum
859 545 990 588 centonum
1009 531 1140 586 vocabulis
1157 535 1356 603 regionibusque

268 627 376 686 accepta
387 635 419 670 ox
432 621 550 670 Favorini
561 621 727 670 sermonibus.
1023 637 1028 646 ·

298 707 338 752 11.
356 701 515 752 Consultatio
533 700 738 765 diiudicatioque
754 701 868 751 locorum
890 698 959 750 facta
980 714 1012 749 ex
1031 699 1156 750 comoedla
1172 699 1310 750 Menandri
1329 704 1358 748 et

267 782 377 843 Caecilii,
392 797 449 845 quoe
460 783 468 809 ⁴
478 780 609 831 Plocinm'
622 782 746 844 iuscripta
756 789 806 830 est.

298 866 340 912 2⁴.
356 861 397 910 De
409 869 497 910 vetere
509 861 669 925 parsimonia,
687 860 769 924 deque
781 859 892 924 antiquis
903 859 1005 923 regibus
1016 859 1171 909 surotuariis.

300 945 342 991 2⁶.
359 941 428 992 Quid
440 942 527 991 Graeci
539 938 675 1002 ἄναλυγῐαν,
693 939 754 1004 quid
767 938 999 999 contradicuntur
1010 947 1110 989 vocent.

299 1026 340 1073 16.
357 1023 493 1072 Sermones
504 1022 542 1070 M.
556 1021 690 1070 Frontonis
701 1027 729 1068 el
741 1020 857 1069 Favorini
875 1021 1018 1083 philosophi
1038 1020 1071 1068 de
1090 1019 1227 1082 generibus
1244 1019 1356 1068 colorum

268 1102 450 1167 vocabulisque
460 1116 547 1152 eorum
559 1101 660 1152 Graecis
671 1109 699 1151 et
709 1101 821 1150 Latinisa
840 1109 916 1166 atque
927 1101 989 1150 inibi
1001 1100 1070 1150 color
1082 1099 1205 1164 ‘spadix’
1215 1101 1358 1163 cnjmurodl

267 1186 310 1235 sit.
369 1209 373 1215 ·

298 1269 342 1315 11.
358 1262 428 1316 Quid
438 1263 467 1312 Τ.
479 1262 618 1313 Castricius
631 1262 784 1312 existimarit
794 1277 872 1325 super
882 1261 997 1312 Sallustii
1016 1261 1101 1310 serbis
1119 1266 1148 1310 et
1166 1261 1358 1327 Demosthenis,

269 1346 360 1411 quibus
372 1346 437 1394 alter
445 1344 594 1407 Philippum
604 1344 750 1407 descripsit,
768 1345 833 1393 alter
842 1343 994 1392 sertorium.

300 1430 341 1477 28.
361 1425 419 1475 Non
429 1438 486 1474 ease
497 1431 667 1488 compertum,
683 1426 725 1474 eui
736 1425 792 1474 Deo
803 1439 857 1475 rem
869 1424 981 1473 disinarn
992 1423 1049 1472 tieri
1064 1429 1195 1486 oporteat,
1212 1437 1269 1472 cusn
1288 1430 1358 1474 terra

270 1512 364 1557 movet.

300 1591 341 1636 ab.
360 1584 490 1648 Apologos
502 1585 589 1649 lEsopi
601 1584 711 1648 Phrygis
723 1591 866 1634 memoratu
878 1599 928 1633 non
940 1584 1044 1634 inutilis.

300 1671 342 1716 8⁰.
359 1664 427 1716 Quid
438 1665 600 1714 obseruatum
611 1665 645 1713 sit
656 1665 683 1712 in
695 1663 817 1713 nudarum
829 1664 950 1728 motibus,
966 1679 1023 1729 quae
1034 1663 1059 1712 in
1070 1663 1135 1711 marl
1146 1661 1196 1711 alio
1210 1668 1288 1726 atque
1306 1664 1357 1712 aliu

267 1745 343 1797 modo
354 1744 420 1795 fiunt
430 1745 524 1795 austris
535 1744 654 1796 flantibus
666 1744 883 1810 aquilonibusque.

615 1945 786 1996 Commentario
796 1946 868 1994 tertio
875 1945 924 1994 lsoeo
934 1945 1021 1995 insunt.

300 2074 323 2118 1.
341 2069 484 2120 Quartum
497 2077 573 2134 atque
583 2075 730 2130 tractatum,
738 2082 813 2132 qnam
824 2067 856 2118 ob
866 2083 968 2117 caussam
977 2069 1109 2117 Sallustius
1119 2068 1252 2117 avaritiam
1264 2067 1358 2117 dixerit

266 2163 317 2198 noo
329 2150 440 2198 animum
451 2149 526 2198 snodo
539 2150 647 2211 virilem,
663 2149 708 2198 sed
721 2163 814 2212 corpus
826 2163 927 2213 quoque
939 2151 1019 2212 ipsum
1031 2147 1196 2199 etioeminare.

299 2234 324 2278 2.
341 2232 550 2283 Quemnamesse
568 2231 680 2280 natalem
700 2229 767 2278 diens
785 2231 823 2280 M.
841 2231 923 2278 Varro
943 2229 1014 2278 dicat
1032 2243 1118 2277 eorum
1135 2229 1178 2293 qni
1197 2235 1258 2279 aute
1275 2229 1358 2277 noctis

265 2309 354 2358 boram
365 2315 464 2358 sextum
476 2316 567 2372 postve
578 2324 634 2359 earu
646 2311 699 2358 nati
711 2317 785 2358 suut:
803 2317 881 2372 atque
893 2310 954 2358 inibi
966 2309 998 2357 de
1014 2309 1171 2373 temporibus
1191 2309 1357 2374 terminisque

267 2388 377 2448 dierum,
392 2389 436 2452 qui
448 2390 535 2437 civiles
546 2389 710 2437 nominantur
720 2395 748 2437 et
759 2403 940 2452 usquequaque
957 2389 1069 2452 gentium
1082 2389 1152 2438 varie
1170 2388 1357 2438 observantur:

155 2521 158 2526 ,
267 2474 294 2516 et
305 2475 433 2530 praeterea
444 2468 504 2531 qnid
515 2469 548 2522 Q.
559 2467 661 2516 Mucius
673 2466 807 2531 scripserit
815 2481 893 2530 snper
908 2481 940 2515 ea
955 2467 1070 2530 muliere,
1087 2482 1161 2532 quarn
1180 2468 1287 2518 maritus
1306 2482 1357 2518 uos

260 2549 324 2613 jure
335 2547 520 2610 usurpavisset,
536 2547 604 2611 quod
617 2547 740 2595 rationem
752 2545 833 2595 civilis
844 2545 902 2595 anui
913 2561 962 2594 non
973 2546 1101 2598 babuerit.

300 2632 324 2678 1.
350 2629 393 2676 De
415 2627 552 2677 noscendis
573 2626 791 2690 explorandisque
811 2625 899 2675 Plauti
921 2625 1065 2688 comediis,
1089 2627 1208 2691 quoniam
1230 2630 1356 2692 promisce

267 2723 336 2758 serm
347 2715 424 2772 atque
435 2706 504 2756 falsa
516 2709 618 2756 nomine
629 2708 685 2770 ejus
697 2706 826 2770 inscriptae
838 2705 967 2756 seruntur:
985 2713 1063 2770 atque
1076 2707 1148 2770 inibi,
1164 2708 1231 2773 quod
1251 2710 1358 2759 Plautus

266 2789 293 2837 iu
305 2788 425 2851 pistrino,
440 2793 468 2836 et
479 2788 585 2837 Navius
596 2787 622 2835 in
634 2800 747 2848 carcere,
763 2783 863 2834 tabulas
873 2787 1052 2850 scriptitarint.

299 2873 324 2918 d.
342 2867 419 2919 Quod
431 2868 463 2916 P.
475 2866 599 2916 Africano
610 2873 638 2917 ot
649 2867 705 2916 aliis
717 2875 779 2916 tunc
795 2866 857 2916 viris
875 2866 1004 2916 nobilibus
1026 2873 1087 2917 ante
1104 2873 1207 2917 aetatem
1226 2877 1356 2918 senectam

267 2947 372 2996 barbam
385 2955 411 2997 et
423 2963 501 3011 genas
513 2947 603 2996 radere
615 2962 669 2997 snos
681 2947 779 3010 patrius
790 2945 850 2995 tuis.

299 3033 323 3076 b.
340 3027 496 3076 Deliciarum
509 3027 598 3075 sitium
610 3033 638 3076 et
647 3027 766 3075 mollities
775 3027 906 3076 oculorum
918 3033 944 3075 et
955 3027 1067 3090 corporis
1079 3027 1111 3077 ab
1126 3027 1258 3078 Arcesilao
1277 3028 1357 3092 pbilo-

267 3107 347 3170 sopbo
359 3104 459 3154 cuidam
471 3105 630 3167 opprobrata
640 3105 734 3154 acerbe
746 3104 820 3153 simul
831 3112 858 3155 et
869 3104 1006 3156 festiviter.

299 3189 324 3234 6.
341 3185 381 3233 De
393 3185 416 3232 vi
427 3192 504 3246 atque
516 3193 607 3234 natura
619 3187 710 3249 palmae
723 3185 832 3248 arboris,
848 3186 915 3250 quod
929 3189 1023 3250 liguum
1042 3203 1073 3237 ea
1092 3203 1122 3238 es
1140 3188 1296 3253 ponderibus
1312 3189 1358 3238 im·

269 3265 360 3327 positis
371 3264 507 3314 renitetur.

299 3347 324 3392 7.
341 3343 458 3392 Historia
470 3359 501 3391 ex
514 3345 647 3394 annalibus
658 3352 741 3395 sumta
752 3346 785 3396 de
796 3346 830 3399 Q.
843 3346 956 3397 Caedicio
971 3347 1074 3398 tribuno
1091 3349 1210 3412 rnilitum,
1227 3348 1357 3413 verbaque

265 3437 298 3472 ea
310 3421 460 3485 Originibus
474 3423 512 3472 M.
521 3425 629 3474 Catonis
641 3427 768 3490 apposita,
783 3427 873 3493 quibus
885 3429 992 3479 Caedicii
1011 3429 1134 3479 virtutem
1152 3445 1211 3480 oum
1230 3429 1358 3494 Spartano

267 3501 381 3552 Leonida
392 3503 544 3565 equiparat.

299 3587 324 3631 s.
341 3583 437 3632 Literse
449 3583 549 3632 eximiae
562 3584 700 3634 Consulum
714 3585 744 3635 C.
756 3586 869 3635 Fabricii
880 3593 907 3636 et
918 3587 950 3639 Q.
963 3587 1056 3638 AEmilii
1074 3588 1106 3638 ad
1127 3603 1214 3654 regern
1229 3589 1357 3654 Pyrrbnm

267 3676 283 3709 a
295 3661 328 3712 Q.
340 3661 447 3711 Claudio
459 3664 586 3727 scriptore
597 3663 759 3715 historiarum
770 3667 795 3715 iu
807 3668 955 3717 memorium
964 3669 1041 3720 datar.

298 3745 323 3790 c.
341 3741 406 3792 Quis
418 3751 445 3791 et
456 3743 596 3806 cujusmodi
607 3743 696 3808 tueris,
713 3747 756 3811 qui
774 3749 799 3796 lu
811 3749 949 3812 proverbio
966 3748 1049 3798 t'ertur
1067 3750 1165 3813 ‘equus
1183 3750 1290 3814 Sejanus
1298 3756 1315 3799 ι’
1330 3757 1359 3800 et

267 3821 349 3949 qualis
361 3822 431 3871 color
440 3837 564 3887 equorum
573 3825 606 3875 sit
617 3827 660 3890 qui
672 3829 680 3856 ‘
692 3828 825 3891 spadices’
844 3835 986 3891 vocantur;
1001 3829 1085 3895 deque
1102 3830 1176 3880 istius
1188 3830 1302 3880 vocabuli
1319 3841 1357 3880 ra*

280 3914 346 3950 rone.
624 3919 636 3964 s

299 3985 339 4030 lt).
356 3981 431 4032 Quod
444 3988 485 4032 est
496 3985 612 4048 quedam
624 3988 762 4050 septenarii
773 3989 872 4038 numeri
885 3989 921 4037 sis
932 3995 960 4038 et
976 3988 1087 4040 facultas
1106 3991 1133 4039 ln
1152 3991 1239 4039 multis
1257 3997 1357 4042 natiue

266 4057 343 4138 rebus
354 4061 540 4125 animadversa,
557 4065 589 4114 de
602 4081 653 4129 qua
663 4067 702 4116 M.
709 4068 793 4115 Varro
805 4063 831 4115 i'n
844 4067 1054 4118 Hebdomadibus
1066 4069 1169 4119 disserit
1180 4070 1294 4133 copiose.

297 4141 338 4188 ll.
356 4139 457 4190 Quibus
476 4153 504 4192 et
522 4159 597 4207 quarn
616 4143 715 4194 frivolis
734 4147 891 4208 argumentis
908 4146 1004 4197 Accius
1024 4148 1049 4198 iu
1071 4149 1240 4200 Didascalicis
1260 4158 1360 4205 utatur,

265 4216 356 4282 quibus
369 4219 461 4270 docere
474 4224 564 4272 nititur
577 4224 719 4275 Hesiodum
731 4239 786 4274 esse
798 4240 873 4291 quens
885 4226 1025 4278 Homerum
1038 4238 1099 4278 natu
1111 4230 1288 4294 antiquiorem.
