3076 4866
246 407 289 471 36
539 415 797 466 cunismnnus
822 417 1037 466 rursusnus
1088 427 1092 440 ·

246 565 322 630 199.
368 561 459 626 Huic
475 560 616 644 denique
628 559 789 624 debemus
803 557 977 623 Sermones
987 563 1020 623 et
1034 558 1250 641 gravissimas
1260 560 1340 625 Phi·

244 665 458 749 losophorum
484 664 539 726 sui
566 663 726 745 temporis
742 664 936 738 sententias,
962 681 1046 744 quas
1069 680 1115 725 ex
1135 681 1192 725 ore
1207 662 1342 728 illorum

246 768 345 832 avide
361 766 515 849 excepit:
538 767 606 828 imo
623 767 652 828 si
672 766 708 828 in
732 764 819 828 vivis
834 764 942 828 adhuc
961 771 1076 828 essent
1091 762 1290 828 Macrobius
1305 771 1342 828 et

247 870 382 936 Nonius
406 866 599 944 Marcellus,
628 867 686 950 qui
716 865 864 930 Gellium
888 885 951 928 non
978 885 1053 928 raro
1079 866 1339 948 exscripserunt,

244 969 385 1056 (nequid
400 970 511 1032 dicam
526 969 567 1031 de
581 965 762 1032 Ammiano
789 967 998 1044 Marcellino,
1020 987 1119 1050 quem
1142 969 1342 1049 pertinacis-

246 1074 366 1136 simum
388 1071 490 1135 Gellii
513 1071 710 1134 imitatorem
725 1078 823 1135 vocat
847 1070 998 1134 Pricaeus
1014 1069 1055 1133 ad
1073 1069 1229 1133 Milesias
1242 1068 1340 1152 Apu·

245 1175 301 1239 leii
315 1195 348 1258 p.
363 1170 455 1256 487.)
468 1173 656 1251 faterentur,
673 1175 737 1237 nisi
755 1174 842 1237 t'orte
858 1173 965 1257 pudor
979 1175 1139 1250 obstaret,
1160 1173 1340 1256 plurimum

245 1277 370 1342 sructus
385 1294 429 1338 ex
446 1274 613 1338 Noctibus
628 1273 752 1339 Atticis
775 1277 807 1338 in
832 1275 981 1356 quolibet
1002 1275 1069 1337 fere
1084 1274 1268 1353 argumenti
1282 1293 1340 1356 ge-

245 1398 323 1443 nere
339 1377 465 1459 percipi
479 1396 596 1459 pnsse:
628 1377 869 1440 ulciscerentur
891 1375 1040 1457 profecto
1064 1375 1339 1457 Gelliomestiges

245 1487 392 1556 nostros,
407 1497 585 1560 eorumque
598 1478 771 1542 lasciviam
792 1477 993 1540 coercerent.
1038 1467 1159 1541 Taceo
1169 1477 1210 1541 de
1225 1476 1340 1561 Scrip-

246 1583 519 1656 tisCriticorum,
543 1599 619 1663 quae
645 1583 678 1644 in
705 1579 910 1642 Thesaurum
934 1597 1032 1642 suum
1057 1577 1121 1642 Vir
1143 1580 1339 1644 immortalis

245 1683 269 1748 J
271 1703 354 1748 anus
369 1681 532 1764 Gruterus
555 1683 742 1763 congessit:
776 1681 858 1762 quid
881 1681 915 1743 in
937 1679 991 1742 his
1005 1682 1135 1744 nomine
1151 1687 1184 1746 et
1198 1681 1340 1746 auctori·

246 1791 316 1850 tate
338 1783 441 1849 Gellii
462 1782 689 1865 frequentiusl
712 1782 827 1846 Taceo
852 1781 893 1845 de
918 1784 1197 1866 praestantissimo
1220 1783 1339 1866 quovis

245 1887 342 1963 libro,
357 1887 416 1968 qui
431 1885 474 1948 ad
488 1885 725 1950 humanitatem
742 1887 903 1968 pertinet:
936 1885 993 1950 hic
1007 1905 1137 1968 semper
1150 1887 1217 1950 tere
1232 1888 1339 1951 maxi·

245 2007 335 2051 mam
355 1991 484 2069 partem
507 2004 553 2049 ex
576 1985 690 2051 Gellio
704 1986 878 2050 conflatur.
925 1987 997 2070 Ego
1013 1988 1165 2071 proiecto
1179 1989 1339 2054 affirmare

245 2107 395 2172 possum,
410 2089 570 2151 neminem
585 2087 759 2166 Veterum,
776 2107 852 2152 cum
873 2087 1086 2166 Quaestiones
1100 2109 1193 2156 meas
1213 2089 1340 2156 Rorna-

245 2211 307 2256 nas
320 2191 393 2254 sive
409 2189 526 2254 Ideam
541 2189 703 2256 Historiae
720 2191 893 2256 Literariae
919 2190 1143 2256 Romanorum
1160 2211 1339 2276 compone·

245 2313 327 2369 rem,
338 2291 459 2375 majori
474 2292 695 2374 crebrioriqne
709 2293 785 2356 usui
798 2292 911 2369 fuisse,
937 2312 1038 2374 quam
1064 2291 1232 2358 Gellium:
1264 2313 1338 2376 ego,

246 2396 378 2476 siquam
398 2392 549 2472 intelligo
571 2397 734 2476 teneoque
761 2391 930 2456 Sermonis
957 2393 1066 2457 Latini
1090 2393 1338 2477 proprietatem,

246 2512 319 2560 eam
334 2511 476 2570 omnem,
492 2493 781 2577 quantulacunque
795 2499 857 2573 est,
874 2494 984 2559 Gellio
994 2515 1046 2559 me
1061 2495 1181 2560 debere
1195 2495 1310 2560 fateor.

497 2765 552 2813 lll.
598 2767 622 2813 Δ
650 2767 764 2814 Donet
790 2765 875 2813 SIVE
898 2765 1087 2815 tuburbo.

290 2895 391 2975 Quod
417 2899 669 2981 prudentissimi
693 2901 855 2984 cujusque
882 2901 1063 2985 Scriptoris
1077 2907 1139 2980 cst,
1153 2900 1274 2968 callide
1288 2905 1338 2967 vi-

246 2999 335 3077 dere,
350 3005 412 3063 ut‘
430 3001 557 3084 duplex
567 3001 672 3065 libelli
687 3001 751 3064 dos
767 3003 832 3080 sit,'
846 3003 952 3088 (quod
966 3005 1012 3067 ait
1028 3003 1188 3068 Phaedrus
1205 3003 1336 3086 Prolog.

247 3115 281 3160 v.
296 3097 345 3184 3.)
364 3109 402 3164 ut
425 3104 591 3168 ‘misceat
614 3103 693 3169 utile
717 3103 831 3182 dulci,'
857 3112 1013 3170 monente
1037 3105 1183 3170 Horatio
1196 3105 1238 3169 de
1254 3105 1337 3171 Arte

246 3199 343 3265 Post.
358 3217 392 3263 v.
406 3201 480 3266 343.
496 3203 531 3266 id
545 3223 624 3268 vero
641 3203 766 3268 Noster
782 3207 969 3270 enitendum
983 3208 1049 3270 sibi
1064 3207 1171 3286 duxit,
1181 3209 1336 3273 utvarias

244 3303 466 3380 amoenitates,
483 3304 573 3367 varia
587 3305 676 3369 velut
691 3306 905 3388 antiquarum
917 3327 1023 3372 rerum
1036 3309 1230 3392 spectacula
1238 3309 1336 3373 nobis

243 3399 423 3466 identidem
439 3405 624 3483 exhiberet,
640 3406 804 3490 adeoque,
830 3409 922 3491 quod
939 3409 982 3473 de
998 3429 1035 3474 se
1049 3416 1190 3475 testatur
1205 3409 1335 3475 Plinius

243 3501 266 3566 J
270 3503 365 3567 unior
379 3505 435 3568 lib.
453 3521 493 3568 rr.
508 3505 623 3589 Epist:
631 3509 662 3572 5.
680 3514 691 3543 ‘
706 3509 890 3592 quamlibet
904 3511 1036 3575 diversa
1047 3531 1167 3594 genera
1176 3514 1336 3577 lectorum

243 3623 305 3685 per
319 3603 434 3687 plures
447 3607 580 3672 dicendi
596 3611 729 3694 species
741 3612 887 3676 teneret?
927 3612 1191 3678 Exhibetautem
1200 3615 1270 3698 jam
1285 3614 1334 3679 lu-

243 3705 307 3770 dos
332 3703 621 3790 Philosophorum,
638 3709 805 3777 doctrinas
828 3722 863 3778 et
877 3716 1068 3797 captionum
1083 3715 1335 3780 dialecticarum

242 3807 436 3870 formidines
445 3813 675 3875 ostentantium
690 3833 697 3877 :
716 3813 786 3897 jam
799 3817 994 3881 certationes
1005 3815 1027 3881 J
1030 3815 1179 3896 Ctorum,
1194 3818 1237 3882 de
1250 3819 1333 3884 anti-

242 3927 306 3989 quo
321 3909 398 3991 jure
413 3911 701 3979 contendentium:
724 3917 810 3981 alias
829 3903 1064 3985 meditamenta
1089 3919 1334 3986 Grammatico·

241 4027 323 4085 rum,
340 4012 450 4074 varias
472 4016 697 4094 quaestionum
714 4019 904 4104 praestigias
920 4019 1134 4104 captantium,
1157 4031 1192 4086 et
1207 4021 1332 4084 similes

240 4108 389 4188 delicias,
399 4121 437 4177 ut
452 4134 517 4178 non
535 4119 645 4198 possit
655 4137 723 4184 non
737 4123 867 4188 animus
879 4122 1016 4207 legentis
1028 4124 1129 4189 sicuti
1139 4121 1331 4190 stomachus

240 4209 392 4294 pluribus
408 4215 492 4280 cibis
508 4219 632 4284 minore
648 4219 785 4288 fastidio
804 4224 857 4291 ali.
