3076 4866
659 443 867 490 sansnrro.
890 435 895 444 ’
1267 429 1290 491 3

187 603 258 649 rum
271 581 438 649 varietate
453 589 486 649 et
501 586 580 669 styli
598 587 802 669 proprietate
820 605 861 650 ne
880 585 1111 669 plenissimum
1127 585 1194 650 illis
1207 607 1288 651 con-

187 686 303 750 ciliare
317 685 431 750 decus.
474 684 543 751 Sed
558 688 657 770 qnasi
672 688 774 752 tactio
795 689 870 772 ejus
888 687 974 753 soret
987 687 1067 770 equi
1082 688 1194 772 Sejani
1210 707 1289 772 pos·

188 788 311 865 sessio,
337 788 497 853 universe
518 790 765 854 interciderunt.
813 790 960 854 Nomina
974 809 1142 855 recensere
1156 809 1221 854 non
1236 797 1289 854 est

183 889 257 972 jam
269 908 420 966 neoesoe,
439 909 517 955 cnm
531 891 617 974 ipsae
632 896 709 974 port
722 891 810 955 hauc
827 889 1080 968 Proesntionem,
1094 909 1195 973 quam
1211 911 1289 955 one-

188 1009 263 1054 rare
278 991 366 1067 nolo,
391 992 523 1075 paginas
545 993 612 1056 sint
634 994 732 1076 quasi
757 1013 819 1077 per
837 993 951 1057 fletum
967 993 1158 1076 lessumque
1174 994 1288 1058 excla—

186 1096 340 1170 mmm,
366 1099 453 1176 quot
467 1092 643 1158 ‘fateantur
671 1114 832 1177 operosos
861 1114 898 1158 se
924 1101 958 1160 et
979 1095 1156 1178 pervigiles
1182 1094 1289 1159 fuisse

186 1191 363 1276 adjutores
385 1195 429 1258 ad
450 1195 617 1277 abigenda
640 1197 683 1259 ab
706 1197 759 1260 his
784 1197 954 1262 Noctibus
977 1204 1045 1260 tam
1072 1196 1194 1274 Attice,
1219 1202 1289 1262 tam

186 1295 316 1360 urbam
337 1295 576 1381 modulateque
602 1297 764 1362 traductis
787 1301 897 1363 omnia
919 1299 1031 1362 nubila
1053 1299 1186 1363 aliunde
1208 1319 1287 1363 con-

187 1401 309 1474 trecta,
324 1396 386 1462 sed
402 1399 452 1462 ita
465 1403 503 1462 nt
524 1404 558 1462 ct
572 1399 713 1463 aemulos
728 1400 945 1484 quamplures
961 1398 1110 1483 ejusdem
1128 1402 1197 1466 voti
1218 1401 1287 1466 lau-

186 1497 269 1561 dent
280 1497 504 1584 indicentque.
547 1499 674 1566 Verum
689 1504 808 1567 victrix
821 1503 1037 1586 triumpharit
1047 1501 1191 1568 fortunae
1200 1505 1288 1588 pult-

187 1598 472 1680 licaecnlamitas,
494 1609 528 1666 et
548 1604 693 1668 vastitas
716 1605 870 1687 quaedem
893 1605 1006 1669 Gellio
1021 1605 1071 1669 sic
1083 1604 1145 1670 fuit
1160 1605 1288 1683 addite,

187 1701 370 1784 utintegro
390 1703 618 1769 meditationis
639 1713 799 1770 contextu
824 1713 859 1771 et
882 1708 978 1790 quasi
1001 1707 1190 1772 colraerente
1214 1727 1287 1772 cor-

188 1823 273 1888 pore
289 1807 441 1870 exornari
456 1825 535 1870 enm
551 1809 723 1890 contigerit
737 1809 780 1872 ab
794 1807 887 1873 nullo
899 1809 1049 1887 istorum,
1062 1829 1146 1893 quos
1160 1828 1287 1892 praesu-

145 1908 149 1916 '
187 1925 278 1970 mere
292 1907 372 1972 licet
387 1907 429 1972 ed
445 1910 527 1972 tanti
543 1909 655 1992 operis
671 1909 872 1974 molitionem
889 1911 1102 1992 congessisse
1115 1911 1288 1975 materiam

189 2027 323 2090 osquam
340 2016 376 2075 et
396 2011 498 2074 robur
512 2011 592 2074 huic
608 2009 743 2076 fiduciae
758 2012 968 2076 conveniens.
1013 2011 1047 2076 N
1049 2031 1125 2076 emo
1135 2012 1288 2089 istorum,

190 2111 298 2190 quiid
315 2113 426 2193 egisse
443 2131 479 2176 se
494 2112 719 2188 ostenderunt,
743 2120 780 2176 ut
798 2113 893 2176 varia
904 2114 1088 2195 priscarum
1103 2131 1212 2176 rerum
1228 2133 1288 2178 seu

190 2212 313 2280 Rumae
329 2235 390 2278 seu
404 2234 466 2297 per
479 2214 651 2278 Graeciam
668 2214 811 2278 lectione
833 2214 950 2278 imbuti
968 2215 1235 2278 nanciscerentur
1249 2216 1288 2278 li·

189 2317 269 2380 bros
282 2323 359 2382 ente
372 2317 500 2382 sarcula
520 2317 676 2400 scriptos,
692 2335 817 2398 eosque
828 2315 978 2380 studiosa
990 2317 1172 2380 attentione
1181 2317 1288 2402 inspi-

190 2425 315 2495 cerent,
336 2419 452 2501 potuit
472 2419 535 2482 hoc
560 2418 720 2493 obtinere,
744 2423 782 2482 ut
803 2423 920 2480 essent
938 2417 1141 2499 perficiendo
1164 2417 1288 2484 Gellio.

190 2518 375 2584 Dccolavit
394 2521 490 2585 labor
504 2526 538 2584 et
557 2539 638 2603 spos
655 2520 813 2596 omnium,
835 2526 871 2582 et
887 2520 983 2603 cujus
998 2521 1128 2601 generis
1143 2539 1289 2603 cumque

190 2621 359 2703 promissa
372 2623 487 2687 lernen
503 2623 638 2687 eventui
657 2623 727 2706 jam
744 2622 898 2704 proxima
913 2623 949 2685 in
962 2621 1104 2686 nihilum
1126 2623 1288 2687 abierunt.

191 2720 342 2799 Quando
371 2743 453 2789 ecee
483 2730 660 2808 amputata
681 2725 774 2787 ‘omui
802 2725 1033 2807 expectatione
1062 2743 1124 2788 nec
1151 2724 1289 2788 ulterius

190 2825 329 2889 residua
350 2826 423 2889 nlla
443 2827 697 2910 pollicitationis
712 2831 780 2889 tam
797 2825 913 2890 densae
928 2835 1035 2909 perte,
1051 2825 1148 2890 Patri
1162 2845 1239 2890 meo
1255 2825 1288 2889 in

190 2935 334 2993 mentem
355 2929 447 2993 venit
465 2928 555 2994 circa
580 2947 704 2992 cunum
728 2928 824 2991 1650.
849 2935 978 3010 partem
1000 2929 1062 2991 otii
1084 2930 1137 2992 sui
1157 2929 1191 2991 in
1208 2927 1290 2991 Gel-

190 3027 271 3092 lium
287 3028 446 3107 conserrc,
461 3050 503 3094 ea
517 3030 661 3106 senuna,
683 3036 724 3094 ut
745 3027 923 3093 editionem
946 3027 1043 3092 daret
1056 3027 1290 3109 congruentio-

190 3149 261 3194 rem
275 3132 438 3197 roluntati
462 3139 495 3198 ct
521 3151 628 3215 scopo
648 3132 806 3209 auctoris,
828 3149 929 3214 quern
944 3131 1033 3196 ullus
1049 3136 1127 3195 aute
1142 3129 1288 3196 dederat

192 3233 313 3317 ltaque
327 3234 493 3298 hactenus
506 3234 652 3298 feliciter
667 3254 707 3296 ea
728 3253 781 3297 res
796 3234 908 3308 cessit,
922 3252 984 3296 nec
1000 3232 1089 3297 oltra
1101 3230 1199 3295 licuit
1214 3251 1291 3315 pro-

191 3334 300 3398 desse.
345 3336 414 3400 Sed
438 3355 515 3400 cum
538 3336 753 3400 volventibus
774 3336 869 3399 aunis
889 3333 929 3397 de
944 3335 1291 3417 multispeculiariter

191 3435 227 3499 iu
243 3437 420 3502 consilium
442 3437 501 3514 ire,
527 3437 665 3501 modum
687 3435 866 3520 reponendi
886 3435 953 3500 reri
969 3435 1103 3518 abipso
1118 3439 1292 3517 excogita-

192 3545 264 3600 tum
280 3557 465 3622 proponere
481 3543 514 3602 et
530 3539 772 3616 commendare,
785 3537 945 3621 quicquid
958 3542 1093 3620 ruptum
1107 3537 1291 3602 fractumve

193 3659 270 3703 esse
285 3641 573 3706 animadvertebat
587 3661 708 3706 sanare
723 3641 851 3718 institit,
867 3639 1001 3704 afflatus
1013 3640 1088 3703 hinc
1100 3639 1192 3704 ebiit.
1210 3638 1291 3704 Non

192 3739 242 3804 sui
256 3743 430 3807 immemor
444 3752 513 3807 tam
528 3743 590 3807 diri
604 3743 736 3820 lasciui,
761 3749 795 3806 et
817 3742 915 3806 debui
939 3759 1079 3820 cavere;
1101 3740 1189 3805 unde
1212 3740 1292 3806 dum

193 3841 257 3908 hac
272 3863 308 3907 re
323 3863 483 3928 occupor,
504 3851 664 3927 tanquam
689 3844 799 3908 nullus
825 3843 940 3920 torem,
966 3842 1008 3906 de
1023 3841 1134 3906 medio
1148 3841 1292 3907 subduxi

193 3964 248 4009 me
262 3951 297 4009 et
310 3945 443 4012 latendo
458 3947 568 4010 celere
585 3939 722 4010 annisus
737 3945 888 4028 nihilque
902 3945 967 4008 nisi
983 3943 1130 4008 Gellium
1141 3962 1292 4023 versans,

193 4065 405 4132 nequaquam
427 4049 549 4131 sategi,
573 4048 655 4132 qnid
678 4047 733 4112 laic
755 4047 827 4111 illic
843 4047 1043 4110 scriberetur
1057 4049 1160 4127 atque
1176 4047 1293 4123 exiret,

195 4154 229 4212 et
243 4150 295 4213 sic
311 4150 469 4232 effugisse
482 4170 536 4214 rue
550 4150 654 4214 lentot.
701 4149 930 4214 Nihilominus
946 4147 1048 4212 Pater
1059 4146 1247 4228 efferendus
1260 4149 1294 4212 in

194 4249 258 4314 hoc
271 4251 455 4317 luctificum
478 4251 648 4335 specimen
673 4251 772 4316 hores
797 4269 875 4315 suns
891 4248 1013 4328 ,Gellio
1030 4251 1139 4315 acrius
1154 4257 1187 4314 et
1201 4269 1294 4334 pres-
