3076 4866
224 397 247 462 4
600 414 731 464 raconr
755 415 939 466 cnosovu

224 560 296 626 sins
322 560 488 643 exigendo
513 560 659 637 tradidit,
689 579 757 624 non
787 568 856 626 tam
884 580 1008 628 novum
1038 579 1126 647 opus
1146 561 1319 644 inchoans,

224 683 326 746 quam
341 683 454 727 curam
468 664 611 747 priorem
622 679 801 741 renovans,
811 671 914 746 prout
926 665 1032 747 magis
1044 667 1165 749 colligo
1179 685 1225 729 ex
1239 667 1319 750 ipso

223 771 407 848 conspectu
436 766 650 849 exemplaris,
677 766 769 849 quod
796 767 831 830 in
857 766 973 832 Gallia
996 768 1040 832 ab
1064 787 1106 832 eo
1129 767 1319 833 adhibitum

225 867 310 944 scio,
326 887 402 932 cum
417 869 668 950 chirographum
683 877 773 934 esset
781 869 965 953 juvenilius
980 879 1015 936 et
1027 872 1135 935 minus
1147 877 1318 948 constans,

225 987 326 1051 quam
343 989 387 1033 ex
403 976 493 1034 certa
508 971 626 1053 scripti
641 972 770 1035 notitia.

267 1070 323 1136 Ita
333 1072 428 1136 vides
444 1072 525 1135 mibi
537 1074 657 1137 oboriri
671 1074 954 1157 opportunitatem
965 1076 1139 1142 enarrandi
1152 1077 1316 1155 subsidia,

223 1193 301 1258 quae
324 1175 485 1256 paulatim
508 1176 732 1258 multiplicata
751 1177 816 1241 buc
842 1176 1031 1244 detulerunt
1049 1179 1197 1258 Patrem,
1218 1179 1317 1246 atde

222 1278 352 1342 edendo
367 1277 483 1342 Gellio
507 1279 677 1359 cogitaret,
702 1299 844 1362 eumque
860 1288 995 1363 cuperet
1008 1283 1044 1345 in
1057 1281 1229 1347 beneficiis
1244 1281 1316 1346 suis

220 1379 359 1444 deferre.
403 1377 499 1442 Unde
528 1379 628 1442 etiam
656 1379 737 1442 mihi
764 1383 948 1446 necessitas
978 1384 1091 1465 posita
1117 1383 1183 1449 suit
1211 1383 1315 1448 altius

220 1481 414 1564 penetrandi
430 1481 471 1544 ad
487 1481 755 1562 recognoscenda
769 1483 989 1569 chirographa
1004 1488 1078 1550 sive
1093 1493 1233 1571 paterna
1244 1487 1316 1550 sive

221 1582 375 1660 aliorum,
398 1603 474 1667 quae
490 1583 570 1647 mihi
586 1583 702 1648 relicta
722 1592 755 1647 et
776 1585 820 1648 ad
842 1605 975 1650 manum
991 1595 1079 1664 sunt,
1103 1607 1204 1671 quam
1218 1584 1315 1670 potui

219 1681 330 1750 iacere
344 1687 518 1750 intervallo
534 1691 617 1762 toto,
638 1705 706 1769 quo
723 1705 742 1748 a
757 1686 853 1748 nobis
868 1687 1029 1753 discessit
1052 1689 1172 1770 Pater3
1197 1701 1234 1753 ut
1254 1708 1315 1771 ag·

220 1803 343 1851 noscas
359 1788 460 1852 aliam
476 1805 610 1850 causam
626 1786 757 1852 lactitiae
773 1806 818 1849 ex
835 1805 940 1870 opera
957 1787 1068 1854 Gellio
1083 1789 1174 1855 data.
1219 1787 1314 1852 Rern

219 1889 293 1971 quit
313 1889 402 1953 enim
426 1889 653 1972 Gryphianam
675 1889 851 1952 editionem
875 1892 952 1954 anni
974 1892 1068 1956 1539.
1092 1911 1194 1976 quam
1211 1891 1313 1956 variis

216 1990 424 2056 lectionibus
439 1991 589 2056 oneravit
604 1990 724 2054 alibro
738 2009 827 2054 nono
842 1991 885 2055 ad
903 1992 1012 2070 finem,
1035 2013 1176 2076 quarum
1199 1994 1313 2077 ipsum

218 2093 475 2176 chirographum
497 2093 639 2158 ostendit
655 2093 843 2177 juventutis
865 2093 1018 2158 laetitiam
1041 2093 1196 2179 (perinde
1217 2101 1255 2160 nt
1276 2095 1313 2160 in

218 2196 296 2260 aliis
309 2197 390 2275 illis,
414 2216 491 2280 quae
506 2216 565 2280 per
584 2195 752 2259 Gallicam
767 2196 1059 2279 peregrinationem
1074 2194 1226 2281 collegit)
1240 2215 1313 2262 ma·

213 2297 323 2382 jorem
340 2319 439 2382 quarn
460 2317 536 2364 cum
560 2298 676 2362 multis
699 2299 793 2360 annis
808 2303 887 2381 post
900 2305 1093 2382 excerperet
1106 2298 1241 2362 casdem
1267 2307 1313 2363 ex

217 2400 394 2466 codicibus
416 2399 606 2464 Vossianis.
652 2397 721 2462 Hic
743 2397 829 2462 inter
849 2399 959 2482 prima
980 2400 1134 2464 scribitur
1156 2399 1311 2464 ‘Initium

217 2498 293 2566 libri
311 2502 427 2566 Mem'
450 2505 546 2567 etiam
564 2504 597 2565 iu
610 2501 676 2566 fine
701 2501 806 2565 ‘Huc
827 2521 932 2585 usque
952 2501 1063 2565 Mem’
1082 2502 1170 2566 unde
1194 2501 1311 2568 censui

217 2602 360 2668 indicari
384 2604 535 2668 codicem
561 2603 722 2682 Memmii,
741 2603 831 2686 quod
851 2622 970 2668 nomen
986 2611 1022 2668 ut
1036 2609 1070 2669 st
1084 2603 1238 2669 Menardi
1250 2603 1310 2666 ha·

216 2705 290 2769 buit
304 2705 339 2769 in
354 2725 395 2770 ea
408 2707 541 2788 regione
555 2711 754 2788 pergratum,
780 2705 845 2769 etsi
867 2711 989 2788 postea
1003 2707 1198 2789 plerumque
1212 2711 1310 2770 notas

215 2814 304 2873 retur
336 2805 403 2886 Me,
426 2813 457 2870 et
485 2809 618 2891 insuper
643 2807 772 2889 passim
799 2803 857 2871 Ch.
878 2808 977 2890 quasi
1004 2805 1150 2873 Chiiletii
1181 2805 1310 2891 aliquid

216 2911 376 2973 innueret
421 2906 505 2973 Cum
528 2907 643 2973 horum
667 2908 776 2991 priore
796 2907 988 2991 plerumque
1010 2909 1181 2992 conspirat
1202 2910 1310 2976 altera

213 3011 352 3077 collatio
374 3011 529 3077 instituta
550 3015 653 3073 antea
676 3011 719 3072 ab
743 3009 817 3073 viro
841 3008 943 3072 docto
965 3009 1030 3072 fine
1052 3010 1130 3074 anni
1151 3009 1248 3075 1594.
1264 3009 1309 3076 ad

215 3114 395 3178 editionem
418 3111 561 3195 Gryphii
584 3130 671 3175 anno
695 3111 791 3176 1534.
816 3130 894 3194 quae
913 3117 948 3175 et
962 3111 1040 3193 ipsa
1054 3113 1097 3175 ab
1113 3111 1216 3177 Patre
1229 3113 1308 3176 mihi

214 3216 327 3280 relicta
341 3220 401 3292 est,
417 3215 515 3298 cnjus
537 3215 668 3297 paginae
691 3215 817 3297 ubique
843 3214 1014 3295 signantur
1036 3214 1133 3280 litera
1155 3214 1196 3293 P,
1211 3223 1307 3280 nota·

87 3326 92 3336 '
213 3319 330 3401 vitque
345 3318 380 3381 in
394 3316 499 3380 fronte
512 3334 629 3380 manus
644 3315 731 3398 ejus,
753 3316 812 3398 qui
829 3315 975 3390 contulit,
996 3316 1102 3380 fuisse
1125 3315 1222 3380 Pauli
1241 3317 1306 3381 Pe-

214 3420 297 3484 tavii
313 3419 492 3483 Senatorio.
537 3417 613 3481 Hac
629 3419 736 3501 prima
751 3417 927 3480 occasione
937 3418 1135 3482 conciliatus
1145 3416 1259 3482 Gellio
1273 3427 1307 3484 et

169 3551 175 3562 =
212 3540 258 3585 ex
273 3520 432 3584 Salmasii
445 3519 581 3601 scriptis
596 3519 863 3601 lectionibusque
875 3519 907 3580 iu
923 3516 1033 3599 Regio
1049 3518 1171 3584 Galliae
1188 3519 1306 3585 codice

211 3623 354 3707 sparsim
379 3622 553 3706 productis
570 3621 713 3705 adeptus
728 3627 942 3703 conspectum
958 3618 1061 3684 Gellii
1076 3621 1173 3702 longo
1187 3621 1304 3700 alium,

211 3743 312 3810 quam
324 3725 505 3788 habuerant
521 3726 661 3807 priores,
687 3743 785 3807 quem
807 3729 918 3787 tamen
933 3729 969 3786 et
981 3723 1091 3787 editor
1106 3722 1304 3804 Lugdunen-

211 3827 260 3890 sis
276 3827 354 3890 anui
370 3828 465 3891 loll.
477 3826 600 3891 habere
614 3835 748 3910 poterat
760 3832 794 3890 et
807 3825 975 3904 debuerat,
990 3833 1027 3890 nt
1038 3824 1243 3890 Praesatione
1258 3847 1304 3892 ex

210 3929 336 3993 monito
351 3937 386 3993 et
402 3929 529 3992 indicio
554 3928 711 3992 Salmasii
727 3927 961 4012 praeponenda
976 3927 1195 4011 conspicuam
1210 3927 1304 3993 iace-

208 4037 258 4096 ret
273 4030 434 4094 rationem
451 4029 641 4112 scriptionis
656 4029 834 4107 Gellianae,
851 4029 993 4095 accessit
1010 4028 1153 4110 denique
1177 4029 1220 4092 ad
1244 4048 1303 4094 ex·

208 4130 336 4213 emplar
365 4129 502 4196 editioni
532 4129 725 4215 parandum,
753 4149 852 4213 quarn
890 4132 1081 4213 procuravit
1108 4130 1302 4195 Ludovicus

207 4231 403 4310 Elaevirius
419 4243 504 4298 certe
520 4234 764 4316 castigatiorem
780 4233 947 4316 prioribus
958 4233 1124 4312 omnibus,
1136 4241 1176 4298 ut
1185 4233 1302 4297 merito

207 4335 294 4400 dixit
310 4336 342 4398 in
355 4334 475 4400 indice.
