3076 4866
250 372 295 437 56
629 379 751 432 rnnnx
775 383 953 431 csrrrunr.

284 533 323 578 1⁰.
341 526 458 578 Historia
475 539 553 590 snper
568 526 675 576 Euclide
693 525 836 588 Socratico,
847 527 921 590 cujus
932 526 1050 590 exemplo
1060 527 1158 576 'l'nurns
1170 527 1334 593 philosophus

250 609 348 658 herieri
360 608 538 658 adolescentes
550 621 609 656 snos
618 606 710 656 solitus
721 612 762 656 est
772 607 804 655 ad
817 607 1000 670 philosophiam
1011 607 1128 668 gnaviter
1138 608 1298 658 sectandam.

284 694 325 739 11.
341 689 427 739 Verba
436 702 468 737 en
477 689 592 737 eratione
603 689 634 740 Q.
644 687 745 736 Metelli
760 687 899 750 Numidici,
908 702 966 753 quse
977 687 1051 737 libuit
1063 687 1208 738 meminisse
1228 689 1261 738 ed
1280 688 1335 740 offl-

283 855 323 900 ln.
339 851 416 904 Quod
424 865 507 915 neque
518 853 525 879 ‘
535 848 734 911 testamentum:
744 850 822 898 sicuti
832 849 934 898 Servius
942 848 1070 913 Sulpicius
1077 850 1244 911 existimavit,
1251 865 1336 915 oeque

251 931 409 995 ‘secelinm,'
421 933 497 982 sicuti
508 931 539 981 C.
549 931 696 992 Trebatius,
707 930 820 994 dupiicia
831 930 910 980 rerba
921 937 989 994 snut,
999 931 1042 980 sed
1053 945 1068 980 a
1079 931 1219 980 testatione
1226 931 1335 996 prodoc-

254 1020 319 1074 tnm‚
331 1011 440 1060 alierum
452 1026 468 1060 a
480 1025 552 1061 sucro
561 1010 730 1062 imminutum.

283 1097 323 1142 11.
340 1093 383 1141 De
394 1091 587 1156 quaestiunculis
599 1091 666 1155 apud
677 1091 787 1140 'i'nmum
800 1090 976 1155 philosophum
988 1092 1014 1141 in
1026 1091 1144 1142 convivio
1155 1091 1333 1158 agitatis,qnas

251 1173 562 1238 sympesiacaevocsninr.
917 1214 918 1218 ,

283 1258 323 1304 11.
333 1253 480 1303 Poeniendis
490 1253 604 1317 peccatis
613 1259 665 1304 tres
677 1268 733 1304 esse
745 1253 857 1303 rationes
870 1253 1048 1318 aphllosophis
1057 1253 1236 1319 attribuisset
1246 1269 1334 1320 qnam·

252 1333 340 1384 obrem
351 1335 425 1384 Plato
436 1341 535 1384 tautum
545 1335 650 1384 duarum
661 1349 693 1385 ex
702 1335 742 1385 his
752 1335 906 1384 meminerit.

283 1421 323 1464 15.
341 1415 384 1463 De
394 1413 470 1464 serbo
482 1416 490 1442 ‘
500 1413 623 1480 quiesco‚'
640 1429 672 1464 en
684 1431 697 1465 e
707 1415 784 1464 litera
795 1415 889 1476 corripi
900 1429 930 1463 nn
943 1413 1050 1478 produci
1061 1414 1166 1466 debeat.

283 1499 322 1544 10.
340 1495 464 1548 Notetnm
484 1495 599 1553 verbnm,
614 1495 775 1560 ‘deprecor,’
794 1509 810 1543 e
827 1495 905 1559 polita
917 1494 1018 1544 catullo
1029 1495 1147 1545 inusitate
1158 1495 1273 1561 quidem,
1288 1499 1334 1548 ssd

253 1581 314 1639 apte
333 1577 441 1638 positum
461 1582 489 1625 et
509 1576 629 1640 proprie:
646 1577 728 1641 deque
748 1576 848 1626 ratione
870 1577 926 1640 ejus
946 1575 1016 1626 verbi
1029 1576 1206 1642 exemplisque
1217 1589 1333 1630 reserum

253 1657 417 1718 scriptorum.

283 1740 322 1787 17.
340 1737 404 1788 Quis
415 1736 526 1786 omniurn
540 1737 636 1800 primus
652 1737 731 1787 libros
749 1739 851 1800 publice
871 1737 1012 1800 praebuerit
1029 1738 1159 1802 legendos,
1174 1747 1335 1805 quantusque

251 1831 369 1868 numerus
379 1817 457 1867 fuerit
466 1816 574 1868 Athenis
583 1827 643 1869 ante
652 1820 739 1870 clades
746 1819 865 1869 Persicos
876 1820 1000 1870 librorum
1011 1820 1037 1868 ln
1047 1819 1207 1871 bibliothecis
1219 1821 1334 1885 publico·

252 1911 315 1949 rum.

571 2059 741 2109 Commentario
755 2059 853 2123 septimo
864 2060 914 2110 ltoec
924 2061 1017 2112 inunt.

283 2208 306 2254 1.
323 2202 479 2254 Admiranda
487 2203 602 2268 qussdem
612 2218 644 2252 er
654 2204 786 2254 cunalibus
797 2211 881 2254 sumta
893 2205 925 2254 de
937 2207 967 2256 Ρ.
979 2205 1103 2258 Africano
1115 2211 1256 2273 superiore.

282 2289 307 2334 2.
323 2285 363 2333 De
373 2283 486 2334 Caesellil
502 2283 617 2334 Vindicis
635 2284 754 2347 pudende
770 2299 866 2348 erroro,
877 2300 952 2350 quem
967 2285 1119 2338 offendimus
1136 2290 1161 2338 in
1181 2289 1252 2338 libris
1268 2290 1333 2354 ejcs,

251 2379 313 2429 quos
326 2364 456 2426 inscripsit
466 2366 606 2414 lectionum
617 2366 787 2430 antiquarum.

281 2448 305 2493 1.
320 2443 389 2495 Quid
410 2445 470 2492 Tiro
481 2445 580 2492 ‘rullius
596 2444 728 2493 Ciceronis
744 2445 851 2495 libertus
868 2448 1063 2510 reprehenderit
1074 2451 1102 2500 in
1112 2451 1151 2500 Μ.
1163 2451 1267 2500 Catonis
1278 2465 1335 2501 ora-

250 2524 330 2585 tlouc,
345 2538 420 2587 quam
433 2537 479 2584 pro
492 2524 679 2574 Rhodiensibus
687 2526 712 2574 ln
720 2526 818 2577 Senatu
829 2527 911 2590 dixit;
927 2529 1025 2594 etquid
1038 2530 1070 2579 ad
1083 2545 1115 2580 en
1126 2547 1183 2597 que
1196 2533 1334 2596 repreben-

249 2605 322 2654 derat
331 2604 551 2666 responderimus.

280 2689 304 2734 4.
320 2682 472 2746 Cujuamodl
483 2697 581 2745 servos,
592 2691 620 2734 ei
632 2699 706 2749 quarn
718 2685 752 2734 ob
763 2700 864 2735 culusum
875 2686 969 2736 celius
980 2689 1169 2753 Sebinns‚jnria
1182 2692 1265 2741 civilis
1274 2708 1333 2742 nnc·

249 2772 300 2824 tor,
312 2764 420 2826 pileatos
432 2763 581 2813 renumderi
591 2765 679 2814 solitos
688 2767 829 2831 scripserit,
846 2775 874 2817 et
882 2783 939 2832 qrrae
951 2769 1076 2832 mancipia
1094 2771 1142 2819 sub
1153 2785 1249 2821 corone
1265 2787 1335 2822 more

249 2843 374 2905 majorum
386 2843 528 2892 venierint:
546 2851 626 2909 atque
637 2846 747 2910 idipsum
758 2856 765 2877 ·
775 2849 822 2896 enh
832 2848 944 2910 corune,’
955 2849 1016 2914 quid
1026 2850 1068 2898 sit.

281 2927 305 2972 ⁶.
321 2921 440 2972 ilistorla
452 2923 485 2973 de
494 2925 559 2974 Polo
570 2925 694 2975 histrione
704 2935 846 2977 memoratu
856 2928 944 2991 digus.

280 3007 305 3052 6.
322 3003 391 3054 Quid
411 3002 445 3054 de
464 3005 622 3069 quorundam
643 3021 761 3056 sensuum
778 3009 889 3058 naturali
908 3008 1053 3060 deiectione
1077 3009 1232 3062 Aristoteles
1257 3013 1336 3076 scrip·

251 3084 323 3134 serit.

279 3169 303 3213 7.
321 3163 363 3213 Au
379 3162 511 3213 ‘affatim'
529 3165 602 3230 qnasi
626 3167 799 3217 ‘admodum'
817 3168 898 3232 prima
921 3176 999 3218 acute
1017 3171 1232 3233 pronuntiandum
1250 3173 1292 3236 sit,
1307 3178 1335 3222 et

247 3244 363 3308 quadarn
376 3243 464 3292 itidem
476 3259 528 3294 non
538 3246 665 3297 incuriosa
677 3255 788 3298 innotuis
799 3263 877 3312 super
886 3250 993 3299 aliarum
1005 3265 1095 3301 vocum
1105 3251 1264 3302 accentibus.

280 3327 305 3372 8.
324 3325 375 3373 Res
390 3325 459 3374 nitra
471 3324 547 3375 fldem
560 3327 655 3377 tradite
666 3343 743 3392 snper
753 3336 867 3378 amatore
879 3329 974 3379 delfino
984 3339 1011 3379 et
1023 3345 1103 3394 puero
1111 3338 1203 3381 amoto.

281 3408 306 3454 11.
324 3405 467 3467 ‘Peperci'
484 3412 512 3455 et
529 3406 691 3468 ‘memordi,'
707 3409 831 3472 ‘pepigl,'
848 3410 992 3472 ‘spopondi
1004 3409 1011 3432 '
1028 3418 1055 3459 et
1066 3411 1230 3460 ‘occecnrrl’
1242 3412 1338 3474 pieros·

249 3499 299 3548 que
311 3485 435 3534 Veterum
447 3485 553 3548 dixisse,
563 3501 625 3544 non,
635 3488 674 3536 uti
684 3495 774 3550 postca
786 3497 920 3551 receptum
932 3497 972 3538 est
988 3491 1084 3551 dicere,
1100 3505 1146 3553 per
1161 3507 1175 3539 e
1194 3499 1239 3541 ant
1259 3507 1306 3555 per
1321 3509 1338 3542 a

247 3565 349 3614 literam
358 3567 383 3614 in
398 3566 479 3628 prime
489 3566 587 3630 syllaba
598 3567 718 3630 positam,
728 3569 773 3616 aed
787 3582 832 3630 per
843 3582 873 3616 s:
889 3576 967 3633 atquae
979 3569 1005 3617 ld
1019 3569 1120 3620 Graecae
1137 3571 1242 3620 rationis
1254 3586 1339 3622 exenn-

247 3646 291 3708 pio
300 3645 410 3695 dixisse:
429 3655 556 3708 proteres
568 3653 694 3710 notatum,
704 3648 771 3713 qrrod
783 3649 829 3698 riri
841 3663 891 3698 non
901 3649 996 3699 indocti
1005 3665 1089 3714 neque
1100 3651 1226 3715 ignobiles
1237 3653 1338 3704 sverbe

245 3727 409 3776 ‘descendo'
429 3740 479 3776 uon
497 3727 658 3790 ‘descendi‚'
675 3729 722 3778 ssd
736 3730 746 3757 ⁴
758 3730 923 3779 descendidl'
939 3731 1068 3782 dixerunt.
1116 3741 1119 3746 ’

281 3813 321 3857 io.
338 3807 524 3872 ‘Ususcnplo’
541 3816 571 3858 ut
581 3809 702 3872 copulate
712 3816 740 3858 et
751 3818 823 3858 recto
844 3809 960 3859 vocabuli
978 3825 1040 3859 casu
1057 3811 1161 3874 dicitnr,
1179 3813 1216 3862 iia
1230 3813 1335 3878 ‘pigue-

248 3887 378 3953 rlscspio’
395 3889 533 3953 coniuncte
543 3895 570 3938 ct
580 3889 670 3940 eadem
683 3891 800 3940 vocabuli
812 3889 895 3940 forma
906 3891 1002 3940 dictum
1012 3905 1079 3940 esse.

280 3974 320 4019 11.
338 3971 430 4035 Neque
446 3969 616 4019 ‘levitatem’
636 3985 719 4036 neque
735 3971 908 4037 ‘nequitiam’
927 3985 959 4022 es
970 3971 1157 4035 significatione
1168 3987 1234 4035 esse,
1245 3987 1293 4038 qua
1311 3974 1338 4024 ln

248 4049 315 4110 vulgi
327 4051 485 4100 sermonibus
498 4049 629 4102 dicuntur.

280 4131 321 4177 ln.
338 4131 378 4180 De
388 4131 481 4182 tunicis
493 4131 637 4196 chiridotis,
654 4131 722 4198 qnod
741 4147 830 4184 earnm
847 4147 919 4182 nsum
936 4133 968 4184 P.
981 4132 1116 4185 Africanus
1130 4135 1245 4200 Sulpicio
1262 4137 1340 4188 Gallo
1368 4181 1373 4190 .
1397 4165 1400 4173 Α

248 4209 352 4275 objecit.
