3076 4866
569 407 686 456 innox
711 407 893 457 cumcun.
1231 399 1275 464 57

220 549 260 598 11.
276 547 360 597 Quem
377 545 548 595 ‘eluricum'
564 546 635 598 dicat
646 549 685 600 Μ.
697 548 774 610 Cato,
784 563 860 615 quant
880 547 968 598 ‘inira
978 549 1104 600 clareant!

222 629 261 676 ld.
277 627 318 674 De
327 625 409 674 tribua
417 624 520 676 dicendi
532 627 674 690 qenerlbrra,
683 643 713 678 ac
724 629 758 678 de
770 629 850 678 tribua
862 628 1028 693 plailoaoplrir,
1038 631 1080 696 qui
1092 629 1124 680 ab
1133 629 1274 684 Athenien·

186 706 259 757 aibna
271 706 302 756 ad
313 708 435 756 Senatum
448 707 591 756 Romanum
603 707 681 770 legati
693 715 763 758 runt.

223 791 261 836 1⁵.
284 788 368 838 Quam
388 801 478 837 revere
500 787 612 837 moribua
633 788 757 852 majorum
779 789 806 838 in
826 789 898 838 inrea
921 789 1077 839 vindicatum
1101 791 1144 851 ait,
1168 793 1274 858 etquid

187 866 321 929 acripaarit
332 867 433 916 lllncina
441 867 557 917 Scnrola
565 881 643 930 anper
652 868 767 932 eo,qood
775 868 932 944 auruandam¹
940 860 1028 918 datnm
1036 869 1276 922 commendatnmre

190 953 269 996 earet.

223 1031 263 1076 ln.
276 1027 361 1076 Locna
369 1027 536 1092 exaeriptnae
545 1027 630 1078 Satirn
641 1029 679 1078 itt.
687 1027 884 1093 Verrnnia,qne
893 1027 944 1092 rapi
952 1027 1083 1090 nuptm
1091 1031 1216 1096 inarripta
1225 1037 1276 1094 eat,

188 1106 224 1156 de
236 1107 377 1170 peregrinis
387 1109 502 1158 ciborum
514 1107 652 1170 penerilma
662 1124 668 1157 ι
680 1113 708 1158 et
719 1107 832 1172 apporiti
844 1123 931 1158 rerana
942 1109 1068 1174 Euripidi,
1079 1110 1170 1176 quibua
1181 1111 1275 1162 delica-

189 1195 274 1236 torum
285 1187 414 1236 hominum
425 1188 597 1236 luxuriantem
608 1187 693 1250 gulam
705 1185 855 1238 confutavit.

221 1270 262 1317 lt.
279 1267 367 1316 Sermo
383 1267 486 1316 hanitna
504 1281 563 1316 onnu
582 1268 749 1330 grammatico
759 1268 952 1318 inanientiarnm
963 1276 991 1320 at
1002 1269 1186 1333 inperitiarum
1198 1271 1275 1332 pleno

188 1346 222 1398 de
233 1347 422 1410 aissnitieatione
433 1347 639 1412 vocabuli,qaod
650 1355 701 1408 eat,
716 1350 724 1378 ⁸
734 1349 859 1400 obnoxior
868 1350 884 1398 ε’
900 1349 983 1414 deque
992 1351 1048 1414 ejna
1061 1350 1129 1400 rocla
1138 1350 1245 1414 origine.

221 1431 261 1478 ttt.
280 1428 319 1476 lle
330 1427 656 1494 obaerrutuenatnditaqun
675 1429 744 1493 apud
764 1431 893 1479 Romanor
906 1429 1073 1493 jnrirjnrandi
1092 1429 1276 1480 annetiutoniar

188 1513 267 1571 atque
278 1507 342 1557 inibi
353 1509 386 1558 de
396 1508 486 1558 decern
497 1509 618 1572 captivis,
627 1523 690 1574 quoa
701 1510 831 1560 Hannibal
843 1512 949 1561 Romam
961 1510 1062 1574 dejnrio
1073 1510 1106 1560 ab
1122 1510 1152 1560 iia
1165 1518 1276 1574 accepto

186 1589 297 1652 legarit.

225 1673 265 1717 ill.
283 1668 397 1718 illatoria
407 1685 440 1718 ex
454 1670 587 1720 annalibua
606 1677 689 1720 annuta
704 1669 738 1720 da
754 1671 861 1721 Tiberio
877 1669 1031 1734 Sempronio
1054 1669 1184 1730 Graccho,
1201 1677 1277 1733 patra

190 1749 378 1812 Gracchorum,
387 1751 489 1802 tribuno
501 1751 604 1816 plebei:
619 1758 697 1818 atqne
708 1753 771 1804 inibi
782 1752 922 1803 tribunicia
933 1752 1015 1816 plebia
1026 1751 1133 1802 decreta
1144 1765 1202 1800 cuna
1214 1750 1276 1813 ipaia

191 1831 280 1880 neritia
292 1832 382 1882 relata.

224 1915 265 1962 2⁰.
281 1911 358 1964 Quod
371 1911 492 1976 Virgilina
500 1911 535 1962 nb
544 1913 772 1978 aquamaNolanla
783 1913 831 1963 ribi
843 1927 893 1962 non
905 1912 1054 1976 pernaiarnur
1064 1910 1190 1960 anatolita
1203 1923 1278 1960 rarrn

189 2005 247 2053 sno,
264 1991 365 2052 ‘Nola,’
381 1999 408 2042 et
419 1993 513 2056 poenit,
523 1995 531 2022 ‘
542 1993 595 2043 Ora
605 1993 621 2040 ε’
637 2001 715 2059 atqne
727 1993 760 2043 ibi
771 1993 888 2058 quedam
900 1994 951 2042 alia
962 1993 995 2043 da
1006 1991 1172 2043 contonantla
1190 1990 1278 2040 litera·

193 2085 249 2120 rum
258 2073 383 2137 incunda.

223 2157 265 2204 ut.
279 2153 389 2205 ‘Quoad
402 2151 492 2212 rivet,'
502 2159 540 2214 at,
550 2154 559 2182 ‘
568 2152 651 2218 quoad
659 2152 802 2217 nrorlntnr,’
811 2167 858 2203 cnr
866 2152 976 2218 ldipanm
989 2153 1111 2216 temporit
1122 2150 1278 2216 aignificent,

192 2247 251 2283 euru
261 2248 294 2282 er
301 2233 401 2284 duobna
412 2235 464 2282 aiut
473 2233 541 2284 iacta
550 2233 696 2284 contrariis.

224 2319 265 2365 11.
282 2313 359 2364 Quod
368 2327 489 2364 ceuanrea
500 2329 591 2380 equum
601 2315 714 2364 adimere
724 2313 792 2364 aoliti
804 2315 856 2363 aiut
865 2313 993 2378 equitibua
1004 2311 1163 2376 corpulentia
1174 2318 1202 2362 et
1213 2325 1279 2376 pre·

192 2395 343 2460 pinguibus:
363 2395 560 2460 quesitumque,
568 2401 654 2446 ntrnm
666 2409 697 2445 ea
705 2409 746 2446 rea
758 2409 816 2444 curn
828 2395 966 2459 ignominia
977 2407 1010 2443 an
1022 2392 1143 2443 ineolumi
1152 2392 1278 2457 dignitate

195 2474 309 2539 equitnm
319 2473 391 2524 iacta
401 2474 444 2525 alt.

531 2601 704 2652 Commentario
714 2607 794 2650 ortum
805 2599 853 2649 ier
863 2600 952 2648 inruat.

227 2701 251 2746 l.
265 2697 413 2748 ‘Heaterna
421 2697 516 2748 nootn’
533 2706 638 2748 rectene
649 2713 681 2747 an
692 2713 749 2748 curu
762 2698 824 2746 nitio
835 2696 951 2746 dicatur:
969 2701 997 2745 et
1008 2707 1124 2760 quanam
1135 2706 1213 2756 anper
1224 2691 1279 2741 iatia

196 2776 281 2826 neritia
300 2778 467 2839 grammatica
483 2777 589 2826 traditio
605 2778 656 2827 ritu
673 2778 736 2828 item
746 2777 814 2842 qaod
825 2775 974 2826 Decemviri
985 2775 1011 2824 in
1024 2787 1075 2824 ιιι.
1089 2773 1182 2824 tabnlla
1196 2770 1279 2820 ‘nox'

196 2871 243 2920 pro
257 2856 372 2906 ‘noctu'
388 2856 519 2906 dixerunt.

227 2939 251 2986 1.
268 2936 332 2986 Quae
343 2936 504 2986 miltidecuuu
516 2935 595 2986 rerba
606 2936 718 2986 ediderit
729 2935 881 2996 Favorinum
899 2949 957 2999 qun
974 2937 1128 2996 nanrpentur
1146 2929 1249 2994 quidem
1266 2943 1282 2978 a

196 3015 307 3078 urana,
318 3016 364 3066 red
375 3017 427 3066 aiut
437 3016 583 3068 adulterina
592 3023 619 3066 et
629 3015 755 3077 barbam
771 3029 829 3080 que
846 3015 908 3064 item
927 3029 941 3061 a
958 3027 999 3061 rne
1018 3009 1125 3060 totidem
1141 3007 1282 3071 acceperit,

195 3111 254 3160 ane
263 3111 295 3146 ex
303 3097 390 3146 medin
401 3096 578 3161 communique
588 3111 635 3146 nan
646 3096 738 3146 Latina
749 3095 908 3160 loquentium
920 3093 1022 3142 minime
1031 3090 1122 3140 latiur
1130 3087 1190 3150 rint,
1199 3099 1283 3153 nequa

196 3187 224 3236 in
233 3187 357 3236 Veterum
367 3185 439 3236 llbrla
451 3186 623 3250 reperiuntur.

229 3271 254 3316 1.
272 3269 354 3319 Quem
366 3267 391 3315 in
400 3267 502 3316 modum
513 3273 541 3315 et
550 3280 625 3330 qnam
637 3277 727 3313 revere
738 3262 898 3326 increpuerit
909 3258 1070 3311 audientibua
1081 3257 1154 3306 nolula
1165 3255 1286 3318 Peregri-

197 3361 247 3395 nnr
265 3347 430 3411 plrllutoplma
447 3346 637 3395 uduleaeentem
651 3345 802 3404 Romanum,
813 3355 845 3390 ex
863 3340 978 3406 eqaertrl
990 3337 1093 3402 familia,
1103 3345 1214 3387 stantem
1227 3351 1284 3400 aeg·

197 3441 257 3476 nem
267 3427 335 3490 apud
349 3443 377 3476 ae
386 3433 413 3476 et
423 3427 526 3476 aaaidne
535 3426 699 3475 natitantem.

228 3511 253 3556 d.
270 3506 346 3558 onoc
356 3505 506 3556 Herodotna
516 3506 630 3569 acriptor
641 3503 753 3552 hiatorlrr
764 3501 990 3552 memoratissimo·
1003 3514 1091 3563 parum
1108 3511 1169 3548 rere
1180 3496 1284 3555 dixerit,

199 3601 274 3638 nuum
286 3589 416 3653 aulamque
428 3590 515 3650 piunrn
528 3585 646 3636 arborum
658 3585 769 3634 omnium
779 3596 872 3632 curaui
892 3595 1018 3645 nunqnam
1039 3579 1124 3629 denno
1143 3594 1176 3628 ea
1194 3577 1284 3627 iiadem

201 3668 329 3718 radicibna
349 3669 482 3730 pullulare,
500 3673 529 3716 et
547 3665 615 3730 qnod
628 3665 690 3714 item
702 3664 735 3713 de
745 3677 810 3728 aqua
821 3662 925 3726 pluvinli
934 3671 961 3711 et
972 3662 1031 3710 nire
1040 3675 1093 3710 rem
1106 3675 1155 3710 non
1166 3659 1229 3710 tatia
1239 3673 1283 3708 ea·

200 3751 325 3814 ploratum
338 3761 384 3810 pro
395 3755 528 3810 comperta
540 3745 663 3808 potuerit.

231 3836 256 3879 n.
273 3829 342 3881 out
361 3829 423 3878 illnd
435 3829 469 3877 ait
482 3827 548 3892 quod
565 3825 687 3890 Virgilina
702 3825 813 3874 ‘corium
831 3829 900 3874 atara
915 3821 1040 3887 pnlrere‚’
1051 3827 1079 3872 et
1089 3821 1157 3886 qnod
1171 3819 1285 3871 anidna

200 3917 307 3974 'pertua
317 3910 431 3960 aendbna
440 3909 521 3959 atare'
536 3907 613 3958 dixit.

229 3997 255 4041 o.
273 3992 336 4043 Cum
350 3997 410 4054 pont
421 3987 617 4039 offenainnculaa
628 3988 653 4037 in
666 3988 774 4052 qratiam
786 3985 917 4047 redeatur,
928 3982 1151 4048 expuatulatlouer
1166 3977 1221 4029 deii
1233 3993 1288 4028 mn·

200 4081 258 4123 tura
270 4073 375 4121 minime
387 4071 450 4120 ntlle
461 4083 533 4118 erre:
548 4081 676 4133 nuperque
687 4081 719 4117 ea
730 4081 758 4117 re
768 4075 796 4116 et
807 4081 891 4116 aemio
900 4065 979 4114 'l'anrl
992 4063 1124 4126 exponitur
1132 4059 1243 4110 etrerba
1252 4073 1285 4109 ex

198 4153 367 4217 ‘l'neophraati
382 4151 449 4200 libro
460 4159 552 4214 punita,
562 4157 589 4199 at
600 4150 662 4214 qnid
674 4150 712 4200 tt.
722 4163 824 4215 quoqne
836 4147 926 4197 Cicero
938 4145 970 4194 de
981 4157 1067 4194 aurore
1074 4141 1191 4192 amicitie
1203 4155 1286 4190 tenre-

201 4217 637 4297 nu,cumtpuarrefutatorum.
