3076 4866
649 393 854 450 storacio.
1277 385 1301 448 7

200 534 319 600 eadem
342 535 480 618 legitur:
504 536 647 610 ‘Batus
669 557 696 606 a
712 560 768 609 ruo
781 517 894 608 xilv,
909 540 1031 608 solidis
1045 541 1300 608 Turonensibus

203 636 349 702 Parisiis
363 641 606 722 atppcgrapbo
620 639 780 710 Vascone
791 640 855 710 Au.
871 642 977 710 158&
1021 643 1165 710 Additur
1179 644 1240 720 sed
1255 630 1300 709 ab

203 739 289 804 ulio:
313 737 465 804 ‘Maurus
494 739 537 805 Ο.
567 740 708 824 Gaoqu
738 741 919 813 Obrecbti.’
961 745 1063 811 liber
1088 747 1144 812 bic
1169 746 1216 810 sd
1245 767 1299 812 me

201 843 356 922 pervenit
376 862 423 911 ex
444 845 646 916 bibliotheca
674 845 1099 929 Berneggcriunu‘mnuere
1121 847 1299 916 haeredum.

202 944 246 1010 Et
259 945 294 1008 in
309 945 419 1012 fronte
434 966 536 1014 manu
550 947 748 1033 Berneggeri
770 949 871 1020 babet
894 951 1043 1034 ascripta
1060 951 1146 1016 ista:
1171 949 1300 1021 ‘Geor-

201 1047 281 1127 gius
308 1047 498 1120 Obrecbtns
519 1048 611 1116 turis
636 1051 807 1120 studiosus
829 1049 1119 1134 Argentorateusis
1143 1049 1302 1116 Codicem

202 1149 293 1216 hunc
310 1150 377 1216 ills
392 1171 438 1220 ex
452 1151 656 1222 bibliotheca
671 1155 786 1235 magni
797 1154 851 1220 sui
864 1154 976 1237 patrui
987 1153 1125 1236 Georgii
1139 1151 1301 1218 Obrecbti

202 1250 278 1336 (qui
300 1273 378 1322 eum
402 1253 543 1322 Parisiis
567 1255 650 1325 olim
670 1257 765 1334 emit)
786 1264 961 1341 acceptum
983 1259 1167 1343 exemplari
1187 1257 1301 1324 Taciti

202 1377 322 1422 recens
349 1358 432 1428 editi
456 1379 593 1428 mecum
616 1362 818 1445 permutavit
844 1383 958 1429 mense
986 1365 1082 1430 Julio
1108 1361 1176 1428 An.
1203 1363 1300 1430 1638.

204 1457 370 1526 Matthias
386 1461 639 1546 caramerus:
681 1465 805 1532 Graeca
829 1467 864 1530 in
886 1468 999 1532 multis
1022 1467 1107 1532 locis
1121 1465 1301 1532 nonhabet

203 1563 363 1646 ascripta,
387 1565 447 1630 sed
469 1585 584 1632 eorum
605 1568 684 1634 loco
702 1570 928 1653 relinquuntur
941 1570 1009 1634 lere
1024 1570 1165 1636 lacuna.
1210 1566 1299 1647 Quae

204 1666 355 1748 ascripto
369 1674 458 1746 suut,
474 1689 515 1734 ea
530 1671 641 1753 palam
655 1691 677 1736 a
692 1691 792 1736 manu
813 1672 946 1736 diversa
959 1691 1037 1738 esse
1051 1669 1300 1755 deprehendun-

202 1773 265 1847 tur,
286 1778 391 1848 et,nt
416 1773 579 1856 suspicor,
595 1774 701 1852 illius,
728 1775 967 1860 cujuscumque
998 1773 1131 1840 tandem
1154 1773 1300 1840 Joannis

203 1873 324 1951 Lunae,
347 1882 484 1958 propter
507 1894 628 1940 causas
652 1883 732 1941 onte
755 1883 966 1942 memoratas.
1010 1875 1146 1940 Initium
1169 1875 1300 1956 absque

202 1975 337 2040 nomine
365 1978 514 2042 auctoris
535 1997 577 2042 ac
608 1980 809 2058 argumentis
831 1978 907 2042 libri
929 1977 1028 2060 primi
1050 1977 1170 2041 babet:
1197 1975 1302 2055 Quali

203 2078 421 2161 proportione
445 2080 637 2162 quibusque
661 2080 926 2158 collectionibus,
943 2083 1003 2144 &a
1052 2079 1117 2143 His
1131 2077 1302 2161 subjungi·

203 2186 257 2246 tur
277 2186 408 2258 textus,
431 2188 530 2264 atque
553 2183 602 2252 sic
625 2183 660 2246 in
681 2181 775 2246 libris
796 2184 924 2248 ceteris.
968 2181 1061 2245 Libri
1083 2180 1195 2244 octavi
1209 2179 1302 2244 nulla

204 2288 323 2348 extum
347 2293 549 2364 argumenta.
596 2285 669 2350 Nec
691 2285 793 2350 ullius
818 2285 894 2350 libri
915 2285 967 2350 vel
991 2283 1166 2366 inscriptio
1186 2281 1302 2363 aliqua
1409 2344 1421 2368 ,

204 2385 258 2448 vel
279 2405 447 2454 numerus.
493 2389 627 2453 Desinit
661 2391 695 2453 in
725 2389 784 2454 lib.
809 2401 894 2452 xva
916 2387 1028 2470 cupite
1052 2383 1140 2468 quod
1163 2382 1299 2465 incipit:

204 2487 364 2552 ‘Cincius
385 2489 420 2554 in
440 2489 526 2555 libro
550 2492 670 2570 tertio,'
692 2490 782 2575 qnod
808 2498 861 2556 est
881 2489 993 2572 ipsum
1010 2493 1156 2551 sextum.
1200 2481 1301 2548 Adde

203 2589 257 2656 bis
270 2597 307 2654 et
320 2591 495 2673 specimen
517 2591 696 2658 lectionum
719 2592 893 2656 variarum.
936 2589 991 2653 Tu
1014 2589 1092 2652 hinc
1117 2584 1243 2652 videris
1258 2603 1301 2649 an

203 2691 370 2774 prodesse
390 2693 451 2758 tibi
476 2702 589 2776 queat.
633 2695 671 2758 Si
697 2693 884 2769 existimas,
909 2709 1045 2773 operam
1067 2689 1165 2764 dabo,
1187 2695 1225 2752 ut
1241 2705 1302 2769 per

203 2793 309 2858 lidum
324 2794 479 2878 aliquem,
503 2815 602 2879 qnam
624 2795 767 2879 primurn
789 2801 919 2878 potero,
943 2795 1054 2875 ipsum
1074 2790 1228 2856 codicem
1240 2789 1301 2852 tibi

203 2897 344 2960 midam.
388 2895 525 2962 Utinam
548 2899 742 2980 aperuisses
761 2896 858 2978 prius
882 2899 1024 2959 mentem
1047 2901 1151 2968 tuam,
1174 2889 1302 2973 potuis·

204 3017 277 3064 sem
295 2997 368 3081 jam
392 3017 452 3080 per
477 2997 567 3062 Nob.
590 2998 634 3062 D.
658 2996 838 3060 Heinsium
861 2995 1007 3070 misisse,
1031 2993 1087 3076 qui
1110 2991 1174 3054 hoc
1190 2991 1301 3054 oneris

203 3104 238 3166 in
260 3119 300 3164 se
323 3107 383 3166 tus
406 3119 511 3164 causa
534 3101 608 3164 siue
631 3099 734 3164 dubia
757 3098 939 3183 recepisset
959 3093 1185 3161 libentissime.
1230 3089 1301 3154 Fac

203 3213 318 3269 tamen
333 3210 372 3267 ut
386 3202 420 3266 in
434 3210 584 3284 tempore
603 3220 801 3284 cognoscam
816 3199 1019 3264 voluntatem
1034 3193 1144 3260 tuam'
1188 3190 1302 3272 Quam

204 3307 329 3370 eximie
343 3304 537 3370 benevolam
551 3303 779 3387 prolixitatem
794 3321 873 3366 cum
887 3301 990 3365 rebus
1006 3297 1224 3382 approbatam
1240 3313 1300 3360 ex·

203 3409 366 3492 periretur
381 3407 495 3484 Pater,
512 3405 564 3470 bis
579 3406 690 3470 verbis
703 3425 778 3471 eam
799 3409 850 3469 est
872 3409 1073 3487 prosecutus
1096 3399 1300 3484 pridieKul.

203 3510 308 3576 Mart.
324 3525 385 3575 cru
398 3525 458 3575 roo
471 3505 952 3590 txx1.undedeipsccodice
964 3503 1139 3569 instrueris
1151 3522 1159 3565 ε
1181 3499 1301 3584 ‘Mag-

204 3633 329 3698 nopere
351 3611 543 3677 demeruisti
567 3629 635 3687 me,
664 3609 699 3673 S.
722 3610 763 3674 P.
786 3627 860 3674 cum
883 3606 1030 3673 Gellium
1049 3605 1083 3669 in
1101 3603 1301 3668 membranis

204 3735 336 3781 mecum
364 3712 627 3791 communicasti,
655 3711 735 3776 nibil
764 3719 814 3783 tot
837 3720 994 3776 terrarum
1022 3706 1175 3790 tantique
1199 3705 1303 3770 maris

204 3815 367 3902 periculis
387 3814 572 3879 deterritus.
618 3813 697 3878 Nou
722 3811 918 3897 ecquidem
933 3817 1018 3877 aetas
1032 3807 1220 3884 voluminis,
1236 3825 1303 3870 nou

205 3918 304 3996 tides,
320 3924 359 3982 ut
373 3917 489 3982 multis
506 3916 550 3981 ad
571 3916 748 4000 pristinam
763 3916 886 3981 iucietu
899 3912 1108 3980 restituendis
1122 3907 1306 3978 auctorita·

205 4027 275 4086 tem
288 4019 442 4084 idoneam
451 4027 606 4102 praestet:
628 4019 730 4082 babet
742 4023 852 4082 tamen
867 4013 994 4098 aliquid
1010 4031 1080 4079 sua
1097 4009 1253 4088 Veneris,
1269 4016 1304 4074 et

205 4128 286 4208 post
299 4116 440 4188 asellum
454 4141 588 4206 quoqne
598 4120 721 4206 jurant
741 4119 815 4186 baec
838 4118 953 4183 diaria.
997 4113 1073 4180 Scis
1089 4119 1129 4178 ut
1142 4113 1179 4178 in
1193 4111 1302 4189 Livio,

206 4227 348 4303 Seneca,
378 4223 504 4303 Plinio,
528 4225 781 4309 archetyporum
810 4219 1070 4287 lectissimorum
1097 4213 1305 4283 scitameutis
