3076 4866
626 435 832 486 rusulum.
879 453 881 460 ,
1234 427 1279 494 13

180 577 252 646 Ubi
267 599 344 645 cum
361 579 411 646 sic
426 597 534 644 essem
550 579 693 657 inferior,
714 579 898 645 cavendum
913 581 1073 648 hactenus
1088 589 1218 670 putari,
1233 609 1277 656 ne

180 683 223 746 ad
240 679 383 766 puerilia
409 701 547 764 prorsus
569 683 799 761 relaberemur,
816 687 850 745 et
872 685 999 765 passim
1025 686 1211 769 legerentur
1225 711 1277 772 ea,

181 803 260 867 quae
277 785 334 850 vel
360 783 472 848 nullus
493 784 623 866 ignorat
645 783 701 846 vel
724 783 768 848 ad
784 784 919 850 taedium
943 792 1020 852 sunt
1034 791 1213 858 scribendo
1228 815 1277 860 re-

180 887 299 970 petita,
314 895 404 952 certe
420 887 534 951 omnia
555 886 674 950 melius
699 887 780 952 alibi
806 896 969 967 extarent,
990 891 1078 955 unde
1105 905 1198 960 erant
1218 917 1278 980 per

179 997 333 1072 tagacem
348 989 513 1054 calamum
529 993 661 1071 arrepta
675 995 736 1052 aut
757 991 792 1052 in
814 991 947 1054 brevius
967 1011 1071 1075 prave
1093 1003 1276 1065 contracta.

179 1090 222 1156 Id
238 1092 327 1155 enim
343 1089 445 1174 plane
469 1091 627 1155 existimo
641 1110 706 1154 non
720 1111 796 1154 esse
818 1091 917 1175 hujus
933 1097 1106 1178 temporie,
1123 1119 1183 1164 nec
1198 1101 1278 1168 Gel-

177 1189 228 1270 lii,
244 1193 372 1277 quippe
395 1193 438 1257 ad
461 1213 560 1276 quem
584 1191 757 1274 legendum
774 1194 831 1275 qui
848 1194 946 1270 venit,
963 1198 1071 1277 prima
1085 1199 1145 1264 illa
1159 1204 1276 1288 utique
1351 1199 1357 1206 ’

179 1301 216 1358 et
229 1295 424 1360 continuata
442 1313 504 1378 per
523 1293 613 1378 longi
639 1297 799 1379 temporis
816 1301 966 1362 catenam
982 1299 1192 1370 historiarum
1207 1309 1277 1373 lec·

178 1397 269 1462 tione
284 1397 436 1462 initiatus
459 1398 505 1462 sit
528 1403 674 1481 oportet,
700 1405 739 1462 ut
763 1417 828 1464 non
850 1399 1028 1482 imperitus
1049 1409 1085 1468 et
1110 1403 1187 1470 binc
1201 1415 1276 1474 tan»

178 1520 280 1585 qnam
302 1519 364 1583 per
387 1499 562 1564 infantiam
584 1501 745 1565 attonitos
769 1501 812 1566 ad
836 1501 991 1584 quaedam
1021 1503 1126 1572 frusta
1143 1507 1198 1576 hic
1224 1532 1272 1578 τοι

176 1604 292 1688 posita
324 1599 474 1665 accedat.
534 1599 656 1666 Recidi
684 1603 784 1686 igitur
821 1623 1037 1687 permagnam
1071 1618 1213 1690 partem,
1241 1615 1275 1678 in

175 1703 320 1786 ejusque
335 1703 441 1768 vicem
465 1701 595 1786 subjeci
619 1705 738 1786 partim
760 1703 888 1770 indicia
902 1705 1065 1785 locorum,
1081 1711 1167 1774 uude
1182 1724 1275 1780 erant

174 1807 323 1890 maligne
332 1805 449 1889 petita,
457 1803 579 1888 partim
591 1804 973 1888 Lambecianarepetitu
983 1807 1096 1889 digna,
1112 1831 1188 1895 quaa
1203 1835 1272 1882 non

175 1908 263 1974 satis
293 1909 409 1972 crebro
433 1911 618 1984 occurrunt,
643 1912 681 1970 ut
704 1907 823 1970 merito
846 1907 912 1970 huc
937 1907 1144 1990 adderentur,
1168 1922 1226 1980 aut
1241 1918 1273 1982 si

176 2010 260 2094 qnid
275 2009 451 2095 probabile
466 2015 527 2072 aut
542 2027 638 2072 suum
654 2008 796 2092 protulit
811 2007 992 2092 Philippus
1007 2009 1165 2093 carolus,
1180 2019 1271 2098 quod

172 2113 356 2178 admodum
377 2131 452 2176 raro
476 2111 593 2176 videas
616 2111 659 2174 ab
683 2129 725 2173 eo
751 2109 832 2186 fieri,
846 2110 924 2174 dum
940 2110 1134 2198 plemmque
1155 2119 1272 2186 volens

173 2214 296 2280 incidit
310 2215 346 2278 in
369 2217 448 2299 ῥῆσιν
473 2231 566 2296 saepo
592 2212 636 2276 ab
661 2211 738 2276 aliis
761 2212 962 2290 laboratam,
981 2221 1038 2278 aut
1052 2216 1188 2297 profert,
1204 2239 1271 2302 quo

174 2336 289 2382 carere
305 2333 496 2400 possumus.
539 2313 574 2378 N
576 2333 616 2378 ec
638 2314 734 2398 plura
748 2321 912 2378 merentur
931 2316 1032 2379 scribi
1047 2317 1088 2381 do
1112 2317 1179 2383 isto
1192 2341 1269 2404 per·

172 2419 327 2484 infausto
351 2422 386 2481 et
406 2417 615 2482 amarissimo
639 2415 732 2493 lolio,
754 2422 793 2480 ut
812 2434 876 2496 ogo
903 2435 1038 2494 censeo,
1061 2419 1171 2484 ridens
1195 2423 1270 2488 illo·

172 2541 245 2586 rum
260 2521 430 2585 hominnm
446 2519 601 2601 ineptias,
617 2520 675 2603 qui
700 2519 778 2582 dum
798 2519 949 2582 nesciunt
969 2520 1049 2603 quid
1066 2523 1110 2586 sit
1124 2525 1269 2604 studere,

170 2624 273 2688 etiam
289 2623 330 2686 de
344 2621 464 2686 studiis
483 2619 649 2704 judicant,
663 2623 698 2683 et
723 2623 796 2684 tota
814 2621 884 2684 vita
904 2618 986 2684 nihil
1012 2621 1158 2686 sentiunt
1179 2643 1269 2690 com·

172 2724 266 2790 modi
282 2725 337 2788 vel
353 2745 397 2788 ex
413 2743 450 2788 se
465 2724 613 2788 conferre
628 2724 661 2786 in
683 2723 768 2786 alios
790 2729 929 2805 queunt·
973 2721 1017 2786 Et
1031 2727 1139 2788 tamen
1153 2726 1207 2790 vel
1222 2728 1269 2792 is-

171 2836 242 2891 tarn
258 2826 436 2890 editionem
461 2825 626 2890 Batauam
650 2826 703 2889 vel
725 2824 886 2909 Thysium
914 2825 1083 2890 nominare
1098 2825 1142 2890 ad
1166 2829 1269 2894 insul-

173 2929 311 2994 tandum
337 2927 507 2992 sustinuit·
523 2927 631 2992 editor
658 2927 758 2991 Gellii
789 2927 823 2990 in
852 2945 951 2990 usum
982 2927 1054 2990 Ser.
1085 2927 1266 3013 Delphini3

171 3032 261 3096 unde
272 3051 348 3096 cum
363 3031 480 3114 ulique
508 3029 556 3094 illi
576 3029 658 3093 nihil
681 3047 781 3094 noxae
797 3029 842 3093 sit
856 3028 996 3106 illatum,
1010 3027 1155 3112 perferet
1169 3029 1268 3096 inter-

171 3133 252 3196 dum
266 3132 388 3215 inspici
403 3139 437 3195 et
451 3131 552 3194 istam
568 3129 765 3207 Parisinam,
780 3151 857 3212 quaa
872 3131 908 3194 in
921 3129 1011 3194 notis
1027 3136 1173 3197 ostentat
1187 3133 1268 3198 nihil

170 3242 294 3318 praeter
318 3233 532 3298 Lambecium
557 3239 592 3298 et
619 3239 742 3295 aetates
764 3231 925 3296 nobilium
947 3231 1085 3315 scriptis
1111 3241 1170 3300 aut
1198 3236 1267 3314 alia

171 3336 252 3401 dote
264 3339 419 3414 virorum,
435 3357 511 3419 quae
526 3335 652 3418 ubique
674 3335 958 3414 demonstrantur3
980 3335 1042 3399 sed
1058 3336 1167 3400 sicubi
1183 3337 1267 3402 iuci-

170 3439 222 3504 dit
236 3439 270 3502 in
284 3459 353 3516 eos,
368 3457 508 3522 quorum
525 3457 633 3501 annos
650 3437 709 3502 alii
735 3456 803 3500 non
827 3435 994 3516 dixerunt,
1009 3439 1089 3521 quia
1111 3446 1190 3503 sunt
1204 3442 1265 3505 ob·

171 3541 349 3617 senriores,
365 3540 465 3604 etiam
482 3539 557 3622 ipse
572 3537 636 3603 hos
650 3545 786 3621 tangere
802 3557 1014 3622 nequaquam
1029 3558 1089 3622 per
1104 3542 1265 3620 astutiam

168 3641 304 3705 trahens
318 3639 462 3706 caudam
489 3641 553 3705 sub
579 3641 689 3705 alvum
713 3639 826 3718 audet,
850 3645 888 3704 ut
910 3640 1057 3718 videbis,
1073 3647 1172 3726 atquc
1187 3644 1265 3710 indo

115 3797 121 3812 .
169 3742 310 3826 concipe
325 3741 460 3806 omnino
475 3741 556 3806 nibil
570 3741 739 3825 apportari
755 3742 847 3820 boni,
865 3743 945 3806 nihil
960 3741 1104 3807 editione
1117 3743 1264 3826 dignum,

166 3861 231 3908 nec
253 3843 308 3910 vel
324 3843 503 3908 editionem
519 3845 682 3908 nominari
698 3845 831 3922 debere,
847 3844 912 3908 nisi
929 3863 973 3908 ex
989 3845 1049 3910 illo
1065 3865 1184 3927 genere
1197 3854 1264 3910 tra·

166 3946 298 4024 laticio,
313 3965 381 4030 quo
397 3946 520 4012 chauae
537 3952 571 4010 et
585 3948 657 4030 typi
682 3947 804 4022 debent
825 3948 971 4011 exerceri
987 3948 1042 4012 vel
1055 3948 1169 4030 perdi:
1204 3968 1262 4014 ne-

166 4051 347 4134 quostiam
363 4055 590 4134 potestusum
606 4049 806 4132 praebuisse,
823 4050 857 4112 in
877 4051 974 4132 cujus
996 4067 1095 4112 usum
1115 4049 1264 4132 jactatur

166 4160 372 4236 comparata,
387 4171 495 4236 neque
510 4151 669 4216 credibile
684 4160 737 4217 est
759 4153 824 4216 sub
844 4151 1008 4235 auspiciis
1034 4150 1151 4216 Huetii
1173 4171 1261 4220 nunc

166 4255 266 4320 scribi
283 4273 382 4339 posse
397 4253 523 4320 Alliam
543 4273 619 4318 esse
633 4255 772 4320 flurium
790 4253 940 4318 Umbriae
955 4253 988 4317 in
1004 4253 1147 4320 Sabinis.
1192 4253 1260 4318 Sed
