3076 4866
254 401 300 470 ot
634 409 755 467 rnnsx
779 413 960 466 osrrruss.

287 568 311 615 a.
328 561 397 616 Quid
414 561 444 613 c.
461 555 595 611 Fabricius
614 557 648 608 de
665 557 785 610 cornelio
801 557 895 609 Rufino
910 557 1012 609 homine
1030 571 1109 610 avaro
1123 557 1236 622 dixerit3
1252 569 1341 626 quem,

255 657 314 696 cuns
324 643 434 706 odisset,
447 641 614 706 inimicusque
625 645 704 702 esset,
719 639 904 704 designandum
915 647 1001 691 mmen
1011 640 1147 690 Consulem
1158 641 1269 693 curavit.

285 726 311 773 9.
328 721 397 774 Quid
408 719 537 785 significet
547 720 652 785 proprie
662 718 830 784 ‘religiosum’
846 727 874 770 et
890 720 917 769 iu
936 734 994 785 qnaa
1011 718 1164 770 diverticula
1183 720 1339 785 significatio

254 801 372 854 vocabuli
381 801 455 852 istius
466 799 534 853 liena
543 801 586 866 ait,
601 807 629 853 et
640 802 720 852 rerba
729 801 829 866 Nigidii
840 801 924 866 Figuli
935 815 969 851 ex
979 799 1166 852 commentariis
1184 802 1242 866 ejus
1261 815 1341 864 snper

255 897 286 934 ea
297 897 325 932 re
336 889 429 934 sumta.

285 967 326 1018 1⁰.
348 961 418 1016 Quid
438 962 602 1012 observatum
622 960 656 1011 de
677 961 767 1012 ordine
789 959 958 1025 rogandarum
979 960 1006 1010 iu
1026 960 1124 1011 Senatu
1145 961 1340 1022 sententiarum,

249 1043 445 1109 jurgiorumque
462 1043 489 1092 in
506 1043 604 1092 Senatu
620 1043 651 1093 0.
662 1042 772 1092 Cereris
785 1041 903 1091 Consulis
921 1048 950 1092 et
961 1039 1004 1090 Μ.
1016 1041 1122 1091 Catonis
1142 1040 1210 1092 diem
1230 1041 1341 1092 dicendo

254 1123 402 1174 eximentis.

286 1207 327 1254 11.
344 1205 410 1256 Quas
420 1202 556 1268 qualisque
566 1202 617 1253 sint
627 1217 685 1267 qna
697 1201 867 1252 Aristoxenus
878 1201 951 1266 quasi
962 1201 1041 1267 magis
1052 1207 1184 1267 comperta
1199 1201 1233 1252 de
1245 1200 1342 1266 Pytha-

256 1297 320 1347 gora
329 1283 459 1342 memorias
475 1282 623 1333 mandarits
638 1290 666 1333 et
683 1297 740 1348 qua
756 1284 819 1333 itam
839 1282 995 1332 Plutarchus
1014 1281 1124 1332 eundem
1142 1283 1169 1332 in
1187 1281 1289 1332 modum
1308 1281 1342 1332 de

257 1362 348 1413 eodem
358 1363 510 1427 Pythagora
520 1363 662 1426 scripserit.

289 1445 329 1492 11.
346 1443 424 1493 Notas
435 1451 463 1494 et
474 1443 707 1493 animadversiones
719 1443 843 1492 censoriae
854 1442 881 1492 in
897 1441 1027 1492 veteribus
1042 1441 1213 1492 monumentis
1232 1450 1342 1506 repertae

256 1522 482 1588 memorladigna.

291 1606 333 1652 la.
348 1601 424 1655 Quod
435 1601 594 1654 incentiones
604 1601 721 1668 quaedam
733 1602 851 1652 tibiarum
862 1607 935 1652 certo
946 1601 1021 1652 modo
1032 1601 1108 1652 facte
1120 1601 1237 1652 ischiacis
1246 1600 1344 1652 mederi

259 1683 369 1749 possint.

292 1767 334 1814 tt.
350 1765 479 1815 Narratur
488 1763 597 1814 historia
606 1763 640 1814 de
659 1763 770 1813 Hostilio
787 1762 910 1812 Mancino
928 1761 997 1813 aedili
1013 1769 1041 1812 et
1057 1761 1174 1812 Mamilia
1191 1761 1343 1812 meretricet

258 1842 390 1910 verbaque
401 1844 500 1894 decreti
510 1843 678 1905 tribunorum,
693 1842 727 1893 ad
738 1856 801 1908 qnos
812 1857 828 1891 a
838 1843 955 1892 Mamilia
966 1849 1130 1907 provocatum
1142 1851 1192 1892 est.

292 1931 332 1976 lb.
348 1925 489 1976 Defensus
501 1927 578 1990 eulpa
588 1925 715 1974 sententia
726 1938 760 1973 ex
770 1924 877 1974 historia
886 1923 1009 1987 Saliustii,
1024 1937 1100 1988 quam
1111 1922 1207 1973 inimici
1217 1923 1272 1987 ejus
1283 1935 1342 1972 cum

258 2007 428 2057 insectatione
439 2006 549 2070 maligue
560 2004 780 2069 reprehenderint.

290 2088 330 2138 16.
345 2088 388 2137 De
398 2087 528 2137 vocabulis
539 2085 688 2152 quibusdam
701 2085 842 2134 aVarrone
852 2089 880 2133 et
893 2082 1007 2146 Nigidio,
1023 2089 1114 2132 contu
1131 2082 1273 2148 quotidiani
1291 2097 1343 2133 aer·

256 2167 338 2216 monis
348 2165 559 2217 cousuetudinem
571 2165 721 2215 declinatis:
737 2173 815 2230 atque
827 2163 889 2213 inibi
898 2163 923 2212 id
936 2178 1015 2228 genus
1024 2165 1141 2228 quadam
1153 2179 1211 2214 cum
1219 2165 1343 2229 exemplis

254 2247 378 2297 Veterum
389 2247 480 2296 relata.

290 2331 330 2378 11.
348 2327 391 2376 De
402 2333 496 2376 natura
513 2324 669 2390 quarundam
689 2325 882 2390 particularum,
899 2338 955 2388 quas
974 2323 1122 2387 prepositae
1141 2323 1228 2374 verbis
1245 2323 1344 2373 intendi

257 2413 336 2472 atque
347 2407 456 2471 produci
467 2406 575 2456 bsrbare
586 2413 614 2456 et
624 2406 718 2456 inscite
729 2405 859 2469 ridentur,
873 2404 996 2467 exemplis
1015 2403 1204 2469 rationibusque
1222 2405 1346 2468 plusculis

257 2487 438 2551 disceptatum.
546 2479 550 2488 '

292 2571 332 2617 le.
349 2567 392 2616 De
408 2566 440 2616 P.
459 2563 581 2616 Africano
601 2563 733 2629 superiore
755 2571 838 2615 sumta
857 2565 975 2631 quedam
996 2579 1029 2616 ex
1048 2566 1181 2616 annalibus
1201 2573 1345 2619 memoratu

256 2646 414 2711 dignissima.

293 2730 333 2777 19.
350 2727 419 2779 Quid
430 2727 468 2776 Μ.
480 2727 562 2776 Varro
572 2727 599 2775 iu
612 2727 771 2791 Logistorico
779 2727 911 2789 scripserit
919 2727 953 2776 de
961 2726 1117 2779 moderando
1127 2728 1197 2778 rictu
1207 2739 1344 2793 puerorum

257 2805 407 2870 inpubium.
822 2813 824 2816 ·

293 2889 335 2937 2⁰.
354 2885 445 2936 Notati
457 2898 472 2933 a
483 2885 640 2948 censoribus,
655 2886 697 2951 qni
709 2885 870 2936 audientibus
882 2885 912 2935 iis
923 2883 1042 2936 dixerant
1049 2886 1111 2950 joca
1122 2887 1240 2950 quasdam
1255 2887 1348 2939 intem·

259 2965 412 3028 pestiriter:
430 2979 460 3015 ac
469 2963 502 3014 de
513 2965 568 3028 ejus
577 2981 677 3032 quoqne
688 2975 750 3018 nota
761 2966 940 3031 deliberatum,
957 2967 1000 3032 qni
1010 2973 1118 3018 steterat
1134 2967 1202 3019 lorte
1217 2969 1284 3036 apud
1301 2983 1345 3020 eos

256 3045 447 3096 oscitabundus.

593 3152 763 3201 Commentario
780 3152 1016 3216 quintodecimi.

294 3270 318 3314 1.
335 3265 410 3318 Quod
422 3266 556 3316 Musonius
567 3267 732 3331 philosophus
744 3267 909 3331 reprehendit
926 3267 1133 3334 inprobavitque
1148 3267 1248 3319 laudari
1264 3269 1346 3334 philo·

259 3345 367 3409 sophum
379 3345 547 3395 disserentem
559 3361 575 3394 a
585 3345 788 3396 vociferantibus
799 3354 827 3397 et
838 3349 863 3395 iu
874 3346 1002 3397 laudando
1013 3348 1191 3412 gestientibus.

290 3429 316 3475 2.
333 3425 417 3490 Super
426 3439 493 3490 equo
503 3425 646 3476 Alexandri
657 3427 735 3490 regis,
751 3427 794 3493 qni
804 3429 813 3457 ‘
822 3425 997 3492 Bucephalas'
1013 3430 1158 3492 appellatus
1169 3436 1218 3480 est.

289 3509 314 3555 s.
330 3505 393 3556 Qum
405 3519 491 3568 casua,
508 3507 627 3572 qnodque
638 3508 738 3558 initium
749 3507 830 3558 fuisse
841 3508 943 3559 dicatur
959 3509 1110 3573 Protagoras
1127 3509 1160 3560 ad
1177 3511 1345 3575 philosophie

254 3587 344 3636 literas
355 3584 475 3636 adeundi.

286 3670 310 3716 ⁴.
326 3667 367 3716 De
386 3667 467 3717 serbo
478 3668 712 3732 ‘duoetvicestuq’
726 3667 795 3734 quod
812 3669 887 3732 rulgo
905 3667 1074 3733 incognitum,
1088 3667 1175 3718 ariria
1186 3669 1268 3721 doctis
1281 3671 1345 3720 mul·

255 3745 368 3796 tifarium
380 3747 406 3796 in
418 3747 490 3797 libris
502 3748 689 3812 scriptumest.

287 3833 312 3877 ὅ.
329 3827 509 3890 Cujuscemodi
517 3827 580 3891 joco
591 3829 725 3878 cavillatus
736 3829 771 3878 slt
782 3827 937 3879 Antiochum
948 3842 1036 3893 regem
1047 3829 1143 3879 Poenns
1155 3829 1295 3880 Hannibal.

289 3910 315 3956 o.
331 3907 374 3957 De
394 3907 495 3958 coronis
514 3907 676 3972 militaribus,
691 3923 750 3973 quas
769 3908 804 3958 sit
823 3922 911 3958 earum
930 3907 1125 3972 ‘triumphalis,'
1145 3923 1203 3973 quoe
1218 3909 1344 3960 ‘ohsidio-

254 3985 339 4047 ualis,’
356 4002 414 4052 quas
426 3988 435 4016 ‘
446 3986 547 4050 ciriea,'
565 4002 623 4053 quas
635 3989 643 4017 ‘
653 3985 776 4050 muralir‚'
792 4001 851 4052 qum
870 3986 1047 4050 ‘castrensia,’
1062 4003 1120 4052 qna
1139 3987 1270 4052 ‘mavelim'
1286 4003 1344 4054 qne

255 4065 373 4128 ‘crelin’
390 4081 446 4132 qua
459 4067 624 4130 ‘oleaginea'

283 4149 310 4197 1.
324 4145 483 4197 ‘Personas'
501 4148 653 4198 vocabulum
674 4161 751 4212 qnam
769 4144 857 4210 lapido
874 4145 1059 4212 interpretatos
1079 4146 1123 4212 sit,
1144 4161 1272 4215 quamque
1290 4165 1346 4201 esse

251 4226 322 4279 sonis
334 4225 390 4291 ejus
400 4226 525 4290 originem
537 4227 632 4278 dixerit
643 4226 741 4278 Gabios
752 4226 854 4277 limans.
